2474 3908
143 159 189 223 40
530 157 733 210 Σεοεαωινα
751 155 778 211 ι.

145 291 194 368 ὧν
218 304 338 386 μείζων
363 302 446 366 ἔστω
476 295 497 385 ἡ
526 304 604 367 ΑΒ·
647 303 702 366 δεῖ
727 296 769 385 δὴ
801 293 929 386 εύρεῖν,
956 302 1024 365 τίνι
1051 303 1168 383 μεῖζον

146 404 288 474 δύναται
310 401 331 492 ἡ
354 411 421 472 ΑΒ
443 415 502 490 τῆς
524 410 561 472 Γ.

212 509 404 599 Γεγράφθω
428 511 481 579 ἐπὶ
504 514 562 597 τῆς
585 516 651 577 ΑΒ
673 507 874 597 ἡμικύκλιον
897 509 935 579 τὸ
960 517 1081 597 ΑΔΒ,
1109 511 1164 578 καὶ

146 621 193 698 είς
217 615 299 686 αύτὸ
324 619 525 706 ἐνηρμόσθω
548 621 589 706 τῇ
613 622 646 684 Γ
665 625 720 704 ἴση
744 618 768 703 ἠ
792 626 874 703 ΑΔ,
897 617 953 685 καὶ
977 615 1168 703 ἐπεζεύχθω

110 753 127 805 b
145 721 166 811 ἡ
182 730 258 792 ΔΒ.
288 723 440 810 φανερὸν
455 723 510 810 δή,
529 721 581 792 ὅτι
595 721 685 812 ὀρθή
701 724 792 791 ἐστιν
806 720 826 810 ἡ
840 722 907 791 ὑπὸ
924 730 1029 791 ΑΔΒ
1046 728 1167 809 γωνία,

94 916 98 925 Ι
145 831 201 899 καὶ
225 829 277 899 ὅτι
299 827 321 918 ἡ
344 837 410 898 ΑΒ
437 834 497 918 της
519 838 606 916 ΑΔ,
634 831 784 898 τουτέστι
811 835 870 918 τῆς
897 836 937 917 Γ,
970 835 1082 917 μεῖζον
1110 829 1169 897 δύ·

146 962 243 1006 ναται
266 941 306 1025 τῇ
331 943 408 1004 ΛΒ.

208 1042 348 1132 Ὁμοίως
372 1043 409 1111 δὲ
431 1044 488 1111 καὶ
511 1042 575 1112 δύο
597 1047 767 1111 δοθεισῶν
786 1041 932 1111 εὐθειῶν
951 1043 972 1130 ἡ
993 1045 1168 1131 δυναμένη

147 1148 250 1230 αύτδις
274 1147 462 1239 εὑρίσκεται
486 1151 601 1230 οὕτως.

94 1287 128 1337 10
203 1255 380 1326 Ἔστωσαν
399 1259 437 1324 αί
454 1261 610 1324 δοθεῖσαι
630 1255 693 1323 δύο
713 1252 845 1323 εύθεῖαι
865 1257 902 1322 αί
918 1263 1000 1342 ΑΔ,
1015 1263 1094 1342 ΛΒ,
1111 1257 1171 1324 καὶ

147 1364 227 1431 δέον
251 1368 335 1432 ἔστω
361 1361 474 1451 εὑρεῖν
497 1361 560 1450 τὴν
591 1364 785 1449 δυναμένην
813 1360 926 1442 αύτύς.
974 1369 1169 1432 κείσθωσαν

145 1468 221 1557 γάρ,
244 1468 328 1537 ω’στε
348 1467 460 1558 ὀρθὴν
478 1473 608 1554 γωνίαν
626 1469 790 1556 περιέχειν
808 1468 872 1555 τὴν
890 1466 956 1538 ὑπὸ
977 1478 1010 1537 Α
1015 1478 1048 1537 Δ
1054 1522 1064 1556 ,
1088 1476 1170 1555 ΑΒ,

145 1575 201 1644 καὶ
225 1575 411 1664 ἐπεζεύχθω
436 1572 456 1662 ἡ
480 1581 559 1642 ΑΒ·
582 1574 733 1662 φανερὸν
755 1575 869 1662 πάλιν,
894 1574 947 1644 ὅτι
969 1573 990 1663 η
1010 1574 1068 1657 τὰς
1084 1585 1172 1664 ΑΔ,

148 1688 215 1748 ΑΒ
240 1685 412 1769 δυναμένη
437 1680 528 1750 ἐστὶν
551 1678 572 1768 ἡ
596 1688 676 1748 ΑΒ·
712 1682 794 1770 ὅπερ
819 1686 887 1750 ἔδει
911 1683 1025 1762 δεῖξαι.

94 1927 127 1975 15
630 1892 683 1961 ιδ’.

211 2016 301 2087 Ἐὰν
324 2019 514 2109 τέσσζαρες
541 2014 700 2086 εύθεῖαι
728 2015 932 2106 ἀνάλογον
961 2013 1073 2107 ὦσιν,
1102 2022 1169 2091 δύ-

146 2151 265 2211 νηται
289 2124 331 2193 δὲ
354 2122 375 2212 ἡ
398 2123 530 2212 πρύτη
554 2135 622 2212 τῆς
650 2125 837 2214 δευτέρας
861 2132 995 2212 μεῖζον
1018 2132 1068 2218 τῷ
1093 2125 1170 2198 ἀπὸ

147 2232 376 2321 συμμέτρου
400 2232 520 2321 ἑαυτῇ
546 2230 715 2319 [μήκει],
747 2231 812 2298 καὶ
834 2228 856 2319 ἡ
880 2239 993 2321 τρίτη
1021 2237 1090 2320 τῆς
1113 2261 1171 2303 τε·

146 2336 291 2427 τύρτης
328 2319 464 2424 μεῖξον
502 2337 720 2423 δυνήσεται
753 2341 803 2429 τῷ
835 2335 909 2407 ἀπὸ
943 2341 1171 2429 συμμέτρου

92 2477 128 2526 20
147 2444 267 2531 ἑαυτῇ
297 2440 457 2529 [μηκει].
505 2443 571 2509 καὶ
595 2442 663 2510 ἐὰν
686 2441 706 2530 ἡ
730 2441 861 2532 προίτη
889 2449 958 2532 της
981 2447 1172 2535 δευτέρας

147 2554 284 2636 μεῖζον
308 2546 478 2635 δύνηται
496 2551 547 2641 τῷ
567 2546 641 2616 ἀπὸ
660 2545 915 2638 ἀσυμμέτρου
938 2551 1056 2640 ἑαυτῇ
1081 2552 1172 2640 [μή-

147 2659 243 2739 κει],
261 2654 327 2721 καὶ
345 2651 366 2741 ἡ
385 2659 497 2742 τρίτη
517 2663 584 2742 τῆς
601 2653 788 2743 τετάρτης
801 2661 937 2742 μεῖζον
951 2656 1173 2743 δυνήσεται

147 2763 197 2853 τῷ
222 2757 297 2828 ἀπὸ
321 2757 577 2849 ἀσυμμέτρου
601 2761 719 2850 ἑαυτῇ
745 2763 907 2848 [μζήκει]

206 2864 383 2935 Ἔστωσαν
396 2869 554 2954 τέσσαρες
567 2865 700 2935 εύθεῖαι
714 2865 884 2954 ἀνάλογον
904 2872 942 2936 αἱ
956 2877 1001 2957 A,
1015 2877 1055 2956 Β,
1064 2877 1109 2958 Τ,
1125 2881 1174 2959 Δ,

95 3007 131 3059 25
149 2970 196 3054 ὡς
217 2970 238 3060 ἡ
263 2981 296 3040 A
319 2972 402 3063 πρὸς
423 2973 487 3061 τὴν
510 2980 555 3060 Β
578 2973 687 3054 ούτως
708 2971 729 3061 ἡ
753 2980 786 3042 Γ
804 2972 886 3064 πρὸς
908 2974 972 3062 τὴν
996 2984 1045 3062 Δ,
1068 2975 1170 3066 καὶὴ

224 3157 247 3206 1.
268 3147 350 3224 ἔστω]
369 3168 440 3207 corr.
460 3168 495 3207 ex
514 3147 590 3207 ἐστιν
609 3170 646 3208 m.
666 3151 729 3206 213.
803 3159 828 3210 3.
847 3153 978 3207 ΑΒΔΡ.
1047 3159 1072 3209 4.
1092 3149 1173 3229 αύτῷ

150 3221 304 3279 000an
378 3217 472 3292 ἡΑΔ
494 3224 540 3290 ἴση
565 3224 595 3278 F.
675 3229 699 3278 6.
724 3223 832 3314 μεῖζον]
856 3240 927 3279 corr.
951 3241 985 3279 ex
1007 3227 1110 3294 μείζων
1133 3243 1173 3282 m.

68 3316 70 3321 ·
151 3292 238 3437 1111.
281 3298 324 3348 10.
343 3242 397 3348 αἱ
392 3294 540 3365 δοθεισαι
528 3294 612 3365 ]0m.
631 3293 664 3349 V.
720 3289 821 3365 αῖ]
788 3314 819 3348 αι
837 3297 925 3350 δοθε
910 3314 969 3349 σαι
989 3244 1071 3351 αΗῙ.
1128 3303 1172 3352 11.

68 3370 74 3387 “·
229 3362 480 3491 ινηίρεθεαῗ.
495 3360 693 3419 ἐκκείσθωσαν
707 3363 821 3420 BFVb.
874 3372 916 3422 13.
931 3369 1004 3421 Ante
1017 3364 1127 3423 πάλιν
1118 3386 1174 3427 me.

68 3362 331 3664 Qud.
381 3431 568 3491 οτιπύίινὶ)
623 3429 698 3505 οτιὴ
704 3431 912 3507 ]ηἰητιιεἜ.
964 3433 1042 3495 14.”
1026 3458 1097 3507 οπερ
1113 3437 1175 3494 ἔδει

236 3504 259 3579 ι]
270 3520 364 3575 οοωρ
373 3504 405 3576 Ρ,
416 3521 470 3560 om.
481 3434 724 3575 TheonfflFVb).
771 3512 813 3562 15.
824 3505 1005 3579 ιδ’]θίωεεε
1015 3509 1047 3576 F
1057 3527 1128 3565 corr.
1140 3526 1176 3566 ex
