<?xml version="1.0" encoding="UTF-8"?>
<!DOCTYPE html PUBLIC "-//W3C//DTD XHTML 1.0 Transitional//EN"
    "http://www.w3.org/TR/xhtml1/DTD/xhtml1-transitional.dtd">
<html xmlns="http://www.w3.org/1999/xhtml" xml:lang="en" lang="en">
 <head>
  <title>
</title>
<meta http-equiv="Content-Type" content="text/html;charset=utf-8" />
  <meta name='ocr-system' content='tesseract 3.04.00' />
  <meta name='ocr-capabilities' content='ocr_page ocr_carea ocr_par ocr_line ocrx_word'/>
</head>
<body>
  <div class='ocr_page' id='page_1' title='image "./euclidisoperaom06unkngoog_0157.png"; bbox 0 0 2474 3908; ppageno 0'>
   <div class='ocr_carea' id='block_1_1' title="bbox 168 166 799 251">
    <p class='ocr_par' dir='ltr' id='par_1_1' title="bbox 168 166 799 251">
     <span class='ocr_line' id='line_1_1' title="bbox 168 166 799 251; baseline 0 -27"><span class='ocrx_word' id='word_1_1' title='bbox 168 173 231 237; x_wconf 83' lang='lat'><em>144</em></span> <span class='ocrx_word' id='word_1_2' title='bbox 486 242 491 251; x_wconf 88' lang='lat'><em>.</em></span> <span class='ocrx_word' id='word_1_3' title='bbox 551 170 754 224; x_wconf 69' lang='grc' dir='ltr'><em>ΣΤοῐΧΕΙωΝ</em></span> <span class='ocrx_word' id='word_1_4' title='bbox 773 166 799 224; x_wconf 79' lang='grc' dir='ltr'><em>ι’.</em></span> 
     </span>
    </p>
   </div>
   <div class='ocr_carea' id='block_1_2' title="bbox 100 307 1195 3383">
    <p class='ocr_par' dir='ltr' id='par_1_2' title="bbox 100 307 1195 2424">
     <span class='ocr_line' id='line_1_2' title="bbox 165 307 1186 404; baseline -0.006 -20"><span class='ocrx_word' id='word_1_5' title='bbox 165 315 339 404; x_wconf 78' lang='grc' dir='ltr'><em>τράγωνος</em></span> <span class='ocrx_word' id='word_1_6' title='bbox 361 311 506 402; x_wconf 75' lang='grc' dir='ltr'><strong><em>ἀριθμὸς</em></strong></span> <span class='ocrx_word' id='word_1_7' title='bbox 529 311 612 400; x_wconf 82' lang='grc' dir='ltr'><strong><em>πρὸς</em></strong></span> <span class='ocrx_word' id='word_1_8' title='bbox 634 310 845 401; x_wconf 77' lang='grc' dir='ltr'><em>τετράγωνον</em></span> <span class='ocrx_word' id='word_1_9' title='bbox 868 307 1032 399; x_wconf 76' lang='grc' dir='ltr'><em>ἀριθμόν·</em></span> <span class='ocrx_word' id='word_1_10' title='bbox 1059 310 1116 378; x_wconf 82' lang='grc' dir='ltr'><em>καὶ</em></span> <span class='ocrx_word' id='word_1_11' title='bbox 1138 312 1186 378; x_wconf 80' lang='grc' dir='ltr'><em>ἐκ·</em></span> 
     </span>
     <span class='ocr_line' id='line_1_3' title="bbox 166 413 1187 508; baseline -0.005 -18"><span class='ocrx_word' id='word_1_12' title='bbox 166 429 292 491; x_wconf 81' lang='grc' dir='ltr'><strong><em>κείσθω</em></strong></span> <span class='ocrx_word' id='word_1_13' title='bbox 320 447 370 501; x_wconf 84' lang='grc' dir='ltr'><em>τις</em></span> <span class='ocrx_word' id='word_1_14' title='bbox 397 418 480 508; x_wconf 78' lang='grc' dir='ltr'><em>ῥητὴ</em></span> <span class='ocrx_word' id='word_1_15' title='bbox 508 417 625 487; x_wconf 80' lang='grc' dir='ltr'><em>εὐθεῖα</em></span> <span class='ocrx_word' id='word_1_16' title='bbox 647 416 668 505; x_wconf 84' lang='grc' dir='ltr'><em>ἡ</em></span> <span class='ocrx_word' id='word_1_17' title='bbox 694 426 737 502; x_wconf 90' lang='grc' dir='ltr'><em>Ε,</em></span> <span class='ocrx_word' id='word_1_18' title='bbox 765 417 820 485; x_wconf 82' lang='grc' dir='ltr'><em>καὶ</em></span> <span class='ocrx_word' id='word_1_19' title='bbox 848 418 1013 504; x_wconf 80' lang='grc' dir='ltr'><em>γεγονέτω</em></span> <span class='ocrx_word' id='word_1_20' title='bbox 1040 413 1087 496; x_wconf 78' lang='grc' dir='ltr'><em>ὡς</em></span> <span class='ocrx_word' id='word_1_21' title='bbox 1111 413 1129 485; x_wconf 85' lang='grc' dir='ltr'>ὁ</span> <span class='ocrx_word' id='word_1_22' title='bbox 1155 425 1187 485; x_wconf 83' lang='grc' dir='ltr'><em>Δ</em></span> 
     </span>
     <span class='ocr_line' id='line_1_4' title="bbox 166 520 1187 612; baseline -0.003 -17"><span class='ocrx_word' id='word_1_23' title='bbox 166 526 250 610; x_wconf 79' lang='grc' dir='ltr'><em>πρὸς</em></span> <span class='ocrx_word' id='word_1_24' title='bbox 271 527 332 595; x_wconf 90' lang='grc' dir='ltr'><em>τὸν</em></span> <span class='ocrx_word' id='word_1_25' title='bbox 356 535 438 612; x_wconf 85' lang='grc' dir='ltr'><em>ΑΒ,</em></span> <span class='ocrx_word' id='word_1_26' title='bbox 462 523 569 604; x_wconf 81' lang='grc' dir='ltr'><em>οὕτως</em></span> <span class='ocrx_word' id='word_1_27' title='bbox 586 523 625 593; x_wconf 88' lang='grc' dir='ltr'><em>τὸ</em></span> <span class='ocrx_word' id='word_1_28' title='bbox 649 523 713 594; x_wconf 82' lang='grc' dir='ltr'><em>ἀπὸ</em></span> <span class='ocrx_word' id='word_1_29' title='bbox 737 529 796 612; x_wconf 81' lang='grc' dir='ltr'><em>τῆς</em></span> <span class='ocrx_word' id='word_1_30' title='bbox 819 532 849 592; x_wconf 90' lang='grc' dir='ltr'><em>Ε</em></span> <span class='ocrx_word' id='word_1_31' title='bbox 871 524 954 611; x_wconf 79' lang='grc' dir='ltr'><strong><em>πρὸς</em></strong></span> <span class='ocrx_word' id='word_1_32' title='bbox 976 520 1015 590; x_wconf 91' lang='grc' dir='ltr'><em>τὸ</em></span> <span class='ocrx_word' id='word_1_33' title='bbox 1038 521 1105 591; x_wconf 80' lang='grc' dir='ltr'><em>ἀπὸ</em></span> <span class='ocrx_word' id='word_1_34' title='bbox 1130 528 1187 611; x_wconf 77' lang='grc' dir='ltr'><em>τῆς</em></span> 
     </span>
     <span class='ocr_line' id='line_1_5' title="bbox 166 626 1188 722; baseline -0.002 -21"><span class='ocrx_word' id='word_1_35' title='bbox 166 641 246 701; x_wconf 90' lang='grc' dir='ltr'><em>ΖΗ·</em></span> <span class='ocrx_word' id='word_1_36' title='bbox 284 633 474 721; x_wconf 83' lang='grc' dir='ltr'><em>σύμμετρον</em></span> <span class='ocrx_word' id='word_1_37' title='bbox 501 631 567 720; x_wconf 73' lang='grc' dir='ltr'><em>ἄρα</em></span> <span class='ocrx_word' id='word_1_38' title='bbox 590 632 660 700; x_wconf 80' lang='grc' dir='ltr'><em>ἐστὶ</em></span> <span class='ocrx_word' id='word_1_39' title='bbox 682 630 720 701; x_wconf 87' lang='grc' dir='ltr'><em>τὸ</em></span> <span class='ocrx_word' id='word_1_40' title='bbox 747 627 813 699; x_wconf 77' lang='grc' dir='ltr'><em>ἀπὸ</em></span> <span class='ocrx_word' id='word_1_41' title='bbox 835 634 895 717; x_wconf 77' lang='grc' dir='ltr'><em>τῆς</em></span> <span class='ocrx_word' id='word_1_42' title='bbox 918 638 949 698; x_wconf 88' lang='grc' dir='ltr'><em>Ε</em></span> <span class='ocrx_word' id='word_1_43' title='bbox 969 633 1014 722; x_wconf 78' lang='grc' dir='ltr'><em>τῷ</em></span> <span class='ocrx_word' id='word_1_44' title='bbox 1040 626 1106 698; x_wconf 79' lang='grc' dir='ltr'><em>ἀπὸ</em></span> <span class='ocrx_word' id='word_1_45' title='bbox 1131 634 1188 717; x_wconf 79' lang='grc' dir='ltr'><em>τῆς</em></span> 
     </span>
     <span class='ocr_line' id='line_1_6' title="bbox 132 734 1187 827; baseline -0.007 -15"><span class='ocrx_word' id='word_1_46' title='bbox 132 746 242 812; x_wconf 79' lang='grc' dir='ltr'><em>οΖΗ.</em></span> <span class='ocrx_word' id='word_1_47' title='bbox 273 744 334 807; x_wconf 82' lang='grc' dir='ltr'><em>καί</em></span> <span class='ocrx_word' id='word_1_48' title='bbox 360 741 429 809; x_wconf 83' lang='grc' dir='ltr'><em>ἐστι</em></span> <span class='ocrx_word' id='word_1_49' title='bbox 452 737 534 827; x_wconf 76' lang='grc' dir='ltr'><em>ῥητὴ</em></span> <span class='ocrx_word' id='word_1_50' title='bbox 558 736 579 826; x_wconf 84' lang='grc' dir='ltr'><em>ἡ</em></span> <span class='ocrx_word' id='word_1_51' title='bbox 604 747 646 807; x_wconf 88' lang='grc' dir='ltr'><em>Ε·</em></span> <span class='ocrx_word' id='word_1_52' title='bbox 684 737 767 827; x_wconf 81' lang='grc' dir='ltr'><em>ῥητὴ</em></span> <span class='ocrx_word' id='word_1_53' title='bbox 795 736 862 826; x_wconf 78' lang='grc' dir='ltr'><em>ἄρα</em></span> <span class='ocrx_word' id='word_1_54' title='bbox 890 737 959 806; x_wconf 80' lang='grc' dir='ltr'><em>ἐστὶ</em></span> <span class='ocrx_word' id='word_1_55' title='bbox 986 736 1043 804; x_wconf 77' lang='grc' dir='ltr'><em>καὶ</em></span> <span class='ocrx_word' id='word_1_56' title='bbox 1066 734 1087 823; x_wconf 78' lang='grc' dir='ltr'>ἡ</span> <span class='ocrx_word' id='word_1_57' title='bbox 1113 743 1187 805; x_wconf 92' lang='grc' dir='ltr'><em>ΖΗ.</em></span> 
     </span>
     <span class='ocr_line' id='line_1_7' title="bbox 166 838 1189 934; baseline -0.002 -22"><span class='ocrx_word' id='word_1_58' title='bbox 166 846 221 913; x_wconf 82' lang='grc' dir='ltr'><em>καὶ</em></span> <span class='ocrx_word' id='word_1_59' title='bbox 245 846 314 914; x_wconf 76' lang='grc' dir='ltr'><em>ἐπεὶ</em></span> <span class='ocrx_word' id='word_1_60' title='bbox 338 843 406 914; x_wconf 83' lang='grc' dir='ltr'><em>ὁΔ</em></span> <span class='ocrx_word' id='word_1_61' title='bbox 419 848 503 934; x_wconf 80' lang='grc' dir='ltr'><em>πρὸς</em></span> <span class='ocrx_word' id='word_1_62' title='bbox 525 844 586 913; x_wconf 89' lang='grc' dir='ltr'><em>τὸν</em></span> <span class='ocrx_word' id='word_1_63' title='bbox 605 853 672 913; x_wconf 92' lang='grc' dir='ltr'><em>ΑΒ</em></span> <span class='ocrx_word' id='word_1_64' title='bbox 696 844 799 931; x_wconf 79' lang='grc' dir='ltr'><em>λόγον</em></span> <span class='ocrx_word' id='word_1_65' title='bbox 823 841 885 910; x_wconf 81' lang='grc' dir='ltr'><em>οὐκ</em></span> <span class='ocrx_word' id='word_1_66' title='bbox 908 848 985 930; x_wconf 82' lang='grc' dir='ltr'>ἔχει,</span> <span class='ocrx_word' id='word_1_67' title='bbox 1010 838 1051 911; x_wconf 78' lang='grc' dir='ltr'><em>ὃν</em></span> <span class='ocrx_word' id='word_1_68' title='bbox 1074 841 1189 931; x_wconf 80' lang='grc' dir='ltr'><em>τετρά-</em></span> 
     </span>
     <span class='ocr_line' id='line_1_8' title="bbox 166 946 1187 1040; baseline -0.003 -21"><span class='ocrx_word' id='word_1_69' title='bbox 166 978 275 1037; x_wconf 88' lang='grc' dir='ltr'><em>γωνος</em></span> <span class='ocrx_word' id='word_1_70' title='bbox 307 948 454 1040; x_wconf 77' lang='grc' dir='ltr'><em>ἀριθμὸς</em></span> <span class='ocrx_word' id='word_1_71' title='bbox 480 949 564 1038; x_wconf 79' lang='grc' dir='ltr'><strong><em>πρὸς</em></strong></span> <span class='ocrx_word' id='word_1_72' title='bbox 596 951 808 1039; x_wconf 80' lang='grc' dir='ltr'><em>τετράγωνον</em></span> <span class='ocrx_word' id='word_1_73' title='bbox 840 947 1007 1037; x_wconf 76' lang='grc' dir='ltr'><em>ἀριθμόν,</em></span> <span class='ocrx_word' id='word_1_74' title='bbox 1041 946 1124 1018; x_wconf 67' lang='grc' dir='ltr'><em>οὐδὲ</em></span> <span class='ocrx_word' id='word_1_75' title='bbox 1150 947 1187 1017; x_wconf 88' lang='grc' dir='ltr'><em>τὸ</em></span> 
     </span>
     <span class='ocr_line' id='line_1_9' title="bbox 167 1051 1189 1146; baseline -0.002 -20"><span class='ocrx_word' id='word_1_76' title='bbox 167 1057 232 1126; x_wconf 75' lang='grc' dir='ltr'><em>ἀπό</em></span> <span class='ocrx_word' id='word_1_77' title='bbox 251 1061 309 1146; x_wconf 79' lang='grc' dir='ltr'><em>τῆς</em></span> <span class='ocrx_word' id='word_1_78' title='bbox 323 1067 355 1127; x_wconf 92' lang='grc' dir='ltr'><em>Ε</em></span> <span class='ocrx_word' id='word_1_79' title='bbox 366 1058 449 1146; x_wconf 76' lang='grc' dir='ltr'><strong><em>πρὸς</em></strong></span> <span class='ocrx_word' id='word_1_80' title='bbox 473 1056 517 1126; x_wconf 67' lang='grc' dir='ltr'><em>τὸ’</em></span> <span class='ocrx_word' id='word_1_81' title='bbox 535 1055 601 1126; x_wconf 78' lang='grc' dir='ltr'><em>ἀπὸ</em></span> <span class='ocrx_word' id='word_1_82' title='bbox 626 1061 685 1143; x_wconf 78' lang='grc' dir='ltr'><em>τῆς</em></span> <span class='ocrx_word' id='word_1_83' title='bbox 702 1064 774 1124; x_wconf 90' lang='grc' dir='ltr'><em>ΖΗ</em></span> <span class='ocrx_word' id='word_1_84' title='bbox 784 1055 887 1142; x_wconf 76' lang='grc' dir='ltr'><em>λόγον</em></span> <span class='ocrx_word' id='word_1_85' title='bbox 911 1061 988 1142; x_wconf 78' lang='grc' dir='ltr'>ἔχει,</span> <span class='ocrx_word' id='word_1_86' title='bbox 1012 1051 1054 1123; x_wconf 81' lang='grc' dir='ltr'><em>ὃν</em></span> <span class='ocrx_word' id='word_1_87' title='bbox 1076 1057 1189 1145; x_wconf 77' lang='grc' dir='ltr'><em>τετρά-</em></span> 
     </span>
     <span class='ocr_line' id='line_1_10' title="bbox 165 1158 1189 1253; baseline -0.002 -20"><span class='ocrx_word' id='word_1_88' title='bbox 165 1192 275 1251; x_wconf 83' lang='grc' dir='ltr'><em>γωνος</em></span> <span class='ocrx_word' id='word_1_89' title='bbox 293 1163 440 1253; x_wconf 71' lang='grc' dir='ltr'><strong><em>ἀριθμὸς</em></strong></span> <span class='ocrx_word' id='word_1_90' title='bbox 458 1162 542 1253; x_wconf 80' lang='grc' dir='ltr'><strong><em>πρὸς</em></strong></span> <span class='ocrx_word' id='word_1_91' title='bbox 559 1166 770 1251; x_wconf 78' lang='grc' dir='ltr'><em>τετράγωνον</em></span> <span class='ocrx_word' id='word_1_92' title='bbox 789 1161 954 1250; x_wconf 75' lang='grc' dir='ltr'><em>ἀριθμόν·</em></span> <span class='ocrx_word' id='word_1_93' title='bbox 978 1158 1189 1250; x_wconf 79' lang='grc' dir='ltr'><em>ἀσύμμετρος</em></span> 
     </span>
     <span class='ocr_line' id='line_1_11' title="bbox 117 1265 1191 1360; baseline -0.008 -15"><span class='ocrx_word' id='word_1_94' title='bbox 117 1297 150 1345; x_wconf 86' lang='grc'><em>10</em></span> <span class='ocrx_word' id='word_1_95' title='bbox 169 1270 235 1359; x_wconf 74' lang='grc' dir='ltr'><em>ἄρα</em></span> <span class='ocrx_word' id='word_1_96' title='bbox 259 1272 349 1340; x_wconf 82' lang='grc' dir='ltr'><em>ἐστὶν</em></span> <span class='ocrx_word' id='word_1_97' title='bbox 372 1269 392 1358; x_wconf 81' lang='grc' dir='ltr'><em>ἡ</em></span> <span class='ocrx_word' id='word_1_98' title='bbox 417 1278 449 1338; x_wconf 88' lang='grc' dir='ltr'><em>Ε</em></span> <span class='ocrx_word' id='word_1_99' title='bbox 469 1275 509 1360; x_wconf 77' lang='grc' dir='ltr'><em>τῇ</em></span> <span class='ocrx_word' id='word_1_100' title='bbox 531 1278 604 1339; x_wconf 89' lang='grc' dir='ltr'><em>ΖΗ</em></span> <span class='ocrx_word' id='word_1_101' title='bbox 622 1269 726 1358; x_wconf 81' lang='grc' dir='ltr'><strong><em>μήκει.</em></strong></span> <span class='ocrx_word' id='word_1_102' title='bbox 762 1271 927 1356; x_wconf 80' lang='grc' dir='ltr'><em>γεγονέτω</em></span> <span class='ocrx_word' id='word_1_103' title='bbox 952 1266 994 1355; x_wconf 76' lang='grc' dir='ltr'><em>δὴ</em></span> <span class='ocrx_word' id='word_1_104' title='bbox 1017 1268 1122 1337; x_wconf 76' lang='grc' dir='ltr'><em>πάλιν</em></span> <span class='ocrx_word' id='word_1_105' title='bbox 1146 1265 1191 1348; x_wconf 78' lang='grc' dir='ltr'><em>ὥς</em></span> 
     </span>
     <span class='ocr_line' id='line_1_12' title="bbox 167 1373 1195 1465; baseline -0.003 -20"><span class='ocrx_word' id='word_1_106' title='bbox 167 1375 187 1464; x_wconf 81' lang='grc' dir='ltr'><em>ἡ</em></span> <span class='ocrx_word' id='word_1_107' title='bbox 212 1385 278 1445; x_wconf 92' lang='grc' dir='ltr'><em>ΒΑ</em></span> <span class='ocrx_word' id='word_1_108' title='bbox 300 1375 447 1465; x_wconf 75' lang='grc' dir='ltr'><strong><em>ἀριθμὸς</em></strong></span> <span class='ocrx_word' id='word_1_109' title='bbox 469 1376 553 1465; x_wconf 79' lang='grc' dir='ltr'><strong><em>πρὸς</em></strong></span> <span class='ocrx_word' id='word_1_110' title='bbox 575 1375 635 1445; x_wconf 88' lang='grc' dir='ltr'><em>τὸν</em></span> <span class='ocrx_word' id='word_1_111' title='bbox 660 1382 735 1462; x_wconf 88' lang='grc' dir='ltr'><em>ΑΓ,</em></span> <span class='ocrx_word' id='word_1_112' title='bbox 759 1374 866 1456; x_wconf 78' lang='grc' dir='ltr'><em>οὕτως</em></span> <span class='ocrx_word' id='word_1_113' title='bbox 888 1373 925 1444; x_wconf 86' lang='grc' dir='ltr'><em>τὸ</em></span> <span class='ocrx_word' id='word_1_114' title='bbox 951 1373 1017 1443; x_wconf 80' lang='grc' dir='ltr'><em>ἀπὸ</em></span> <span class='ocrx_word' id='word_1_115' title='bbox 1041 1378 1101 1462; x_wconf 78' lang='grc' dir='ltr'><em>τῆς</em></span> <span class='ocrx_word' id='word_1_116' title='bbox 1124 1380 1195 1442; x_wconf 87' lang='grc' dir='ltr'><em>ΖΗ</em></span> 
     </span>
     <span class='ocr_line' id='line_1_13' title="bbox 167 1479 1189 1572; baseline 0 -22"><span class='ocrx_word' id='word_1_117' title='bbox 167 1481 250 1570; x_wconf 80' lang='grc' dir='ltr'><strong><em>πρὸς</em></strong></span> <span class='ocrx_word' id='word_1_118' title='bbox 276 1480 314 1551; x_wconf 86' lang='grc' dir='ltr'><em>τὸ</em></span> <span class='ocrx_word' id='word_1_119' title='bbox 343 1480 408 1551; x_wconf 81' lang='grc' dir='ltr'><em>ἀπὸ</em></span> <span class='ocrx_word' id='word_1_120' title='bbox 436 1494 494 1569; x_wconf 79' lang='grc' dir='ltr'><em>τῆς</em></span> <span class='ocrx_word' id='word_1_121' title='bbox 520 1489 601 1550; x_wconf 91' lang='grc' dir='ltr'><em>ΗΘ·</em></span> <span class='ocrx_word' id='word_1_122' title='bbox 643 1482 834 1571; x_wconf 83' lang='grc' dir='ltr'><em>σύμμετρον</em></span> <span class='ocrx_word' id='word_1_123' title='bbox 861 1480 927 1572; x_wconf 79' lang='grc' dir='ltr'><em>ἄρα</em></span> <span class='ocrx_word' id='word_1_124' title='bbox 956 1483 1025 1552; x_wconf 78' lang='grc' dir='ltr'><em>ἐστὶ</em></span> <span class='ocrx_word' id='word_1_125' title='bbox 1052 1480 1089 1550; x_wconf 88' lang='grc' dir='ltr'><em>τὸ</em></span> <span class='ocrx_word' id='word_1_126' title='bbox 1123 1479 1189 1550; x_wconf 77' lang='grc' dir='ltr'><em>ἀπὸ</em></span> 
     </span>
     <span class='ocr_line' id='line_1_14' title="bbox 166 1586 1189 1682; baseline 0 -27"><span class='ocrx_word' id='word_1_127' title='bbox 166 1593 225 1674; x_wconf 78' lang='grc' dir='ltr'><em>τῆς</em></span> <span class='ocrx_word' id='word_1_128' title='bbox 248 1595 321 1656; x_wconf 92' lang='grc' dir='ltr'><em>ΖΗ</em></span> <span class='ocrx_word' id='word_1_129' title='bbox 339 1593 385 1682; x_wconf 78' lang='grc' dir='ltr'><em>τῷ</em></span> <span class='ocrx_word' id='word_1_130' title='bbox 409 1587 474 1657; x_wconf 83' lang='grc' dir='ltr'><em>ἀπὸ</em></span> <span class='ocrx_word' id='word_1_131' title='bbox 498 1593 557 1675; x_wconf 79' lang='grc' dir='ltr'><em>τῆς</em></span> <span class='ocrx_word' id='word_1_132' title='bbox 581 1596 656 1657; x_wconf 93' lang='grc' dir='ltr'><em>ΗΘ.</em></span> <span class='ocrx_word' id='word_1_133' title='bbox 694 1588 777 1677; x_wconf 78' lang='grc' dir='ltr'><em>ῥητὴ</em></span> <span class='ocrx_word' id='word_1_134' title='bbox 802 1589 840 1658; x_wconf 70' lang='grc' dir='ltr'><em>δὲ</em></span> <span class='ocrx_word' id='word_1_135' title='bbox 862 1586 883 1676; x_wconf 79' lang='grc' dir='ltr'><em>ἡ</em></span> <span class='ocrx_word' id='word_1_136' title='bbox 904 1597 983 1657; x_wconf 89' lang='grc' dir='ltr'><em>ΖΗ·</em></span> <span class='ocrx_word' id='word_1_137' title='bbox 1013 1587 1096 1677; x_wconf 79' lang='grc' dir='ltr'><em>ῥητὴ</em></span> <span class='ocrx_word' id='word_1_138' title='bbox 1122 1586 1189 1673; x_wconf 80' lang='grc' dir='ltr'><em>ἄρα</em></span> 
     </span>
     <span class='ocr_line' id='line_1_15' title="bbox 166 1691 1192 1785; baseline 0.001 -23"><span class='ocrx_word' id='word_1_139' title='bbox 166 1695 222 1762; x_wconf 83' lang='grc' dir='ltr'><em>καὶ</em></span> <span class='ocrx_word' id='word_1_140' title='bbox 245 1693 266 1781; x_wconf 83' lang='grc' dir='ltr'><em>ἡ</em></span> <span class='ocrx_word' id='word_1_141' title='bbox 290 1703 367 1763; x_wconf 93' lang='grc' dir='ltr'><em>ΗΘ.</em></span> <span class='ocrx_word' id='word_1_142' title='bbox 406 1696 461 1763; x_wconf 83' lang='grc' dir='ltr'><em>ναὶ</em></span> <span class='ocrx_word' id='word_1_143' title='bbox 486 1696 555 1764; x_wconf 81' lang='grc' dir='ltr'><em>ἐπεὶ</em></span> <span class='ocrx_word' id='word_1_144' title='bbox 579 1693 597 1764; x_wconf 86' lang='grc' dir='ltr'><strong>ὁ</strong></span> <span class='ocrx_word' id='word_1_145' title='bbox 621 1704 688 1764; x_wconf 87' lang='grc' dir='ltr'><em>ΒΑ</em></span> <span class='ocrx_word' id='word_1_146' title='bbox 710 1695 795 1785; x_wconf 78' lang='grc' dir='ltr'><strong><em>πρὸς</em></strong></span> <span class='ocrx_word' id='word_1_147' title='bbox 821 1694 881 1765; x_wconf 90' lang='grc' dir='ltr'><em>τὸν</em></span> <span class='ocrx_word' id='word_1_148' title='bbox 906 1702 976 1765; x_wconf 92' lang='grc' dir='ltr'><em>ΑΓ</em></span> <span class='ocrx_word' id='word_1_149' title='bbox 998 1695 1105 1781; x_wconf 80' lang='grc' dir='ltr'><em>λόγον</em></span> <span class='ocrx_word' id='word_1_150' title='bbox 1130 1691 1192 1764; x_wconf 80' lang='grc' dir='ltr'><em>οὐκ</em></span> 
     </span>
     <span class='ocr_line' id='line_1_16' title="bbox 119 1799 1191 1892; baseline -0.006 -18"><span class='ocrx_word' id='word_1_151' title='bbox 119 1827 151 1874; x_wconf 83' lang='lat'><em>15</em></span> <span class='ocrx_word' id='word_1_152' title='bbox 171 1807 247 1889; x_wconf 74' lang='grc' dir='ltr'>ἔχει,</span> <span class='ocrx_word' id='word_1_153' title='bbox 267 1799 308 1870; x_wconf 82' lang='grc' dir='ltr'><em>ὃν</em></span> <span class='ocrx_word' id='word_1_154' title='bbox 322 1801 532 1890; x_wconf 79' lang='grc' dir='ltr'><em>τετράγωνος</em></span> <span class='ocrx_word' id='word_1_155' title='bbox 545 1801 692 1891; x_wconf 78' lang='grc' dir='ltr'><em>ἀριθμὸς</em></span> <span class='ocrx_word' id='word_1_156' title='bbox 705 1801 788 1891; x_wconf 78' lang='grc' dir='ltr'><em>πρὸς</em></span> <span class='ocrx_word' id='word_1_157' title='bbox 802 1802 1014 1892; x_wconf 79' lang='grc' dir='ltr'><em>τετράγωνον</em></span> <span class='ocrx_word' id='word_1_158' title='bbox 1028 1799 1191 1889; x_wconf 77' lang='grc' dir='ltr'><em>ἀριθμόν,</em></span> 
     </span>
     <span class='ocr_line' id='line_1_17' title="bbox 100 1906 1191 1998; baseline 0 -22"><span class='ocrx_word' id='word_1_159' title='bbox 100 1907 113 1929; x_wconf 78' lang='lat'>‘</span> <span class='ocrx_word' id='word_1_160' title='bbox 168 1906 249 1977; x_wconf 70' lang='grc' dir='ltr'><em>οὐδὲ</em></span> <span class='ocrx_word' id='word_1_161' title='bbox 275 1908 313 1977; x_wconf 87' lang='grc' dir='ltr'><em>τὸ</em></span> <span class='ocrx_word' id='word_1_162' title='bbox 342 1906 407 1977; x_wconf 79' lang='grc' dir='ltr'><em>ἀπὸ</em></span> <span class='ocrx_word' id='word_1_163' title='bbox 437 1921 497 1997; x_wconf 79' lang='grc' dir='ltr'><em>τῆς</em></span> <span class='ocrx_word' id='word_1_164' title='bbox 525 1917 596 1977; x_wconf 92' lang='grc' dir='ltr'><em>ΖΗ</em></span> <span class='ocrx_word' id='word_1_165' title='bbox 621 1909 705 1998; x_wconf 80' lang='grc' dir='ltr'><em>πρὸς</em></span> <span class='ocrx_word' id='word_1_166' title='bbox 731 1909 770 1978; x_wconf 82' lang='grc' dir='ltr'><em>τὸ</em></span> <span class='ocrx_word' id='word_1_167' title='bbox 804 1907 869 1978; x_wconf 78' lang='grc' dir='ltr'><em>ἀπὸ</em></span> <span class='ocrx_word' id='word_1_168' title='bbox 902 1913 961 1997; x_wconf 82' lang='grc' dir='ltr'><em>τῆς</em></span> <span class='ocrx_word' id='word_1_169' title='bbox 988 1916 1061 1976; x_wconf 92' lang='grc' dir='ltr'><em>ΘΗ</em></span> <span class='ocrx_word' id='word_1_170' title='bbox 1084 1906 1191 1995; x_wconf 80' lang='grc' dir='ltr'><em>λόγον</em></span> 
     </span>
     <span class='ocr_line' id='line_1_18' title="bbox 168 2011 1192 2105; baseline 0 -23"><span class='ocrx_word' id='word_1_171' title='bbox 168 2019 248 2102; x_wconf 76' lang='grc' dir='ltr'>ἔχει,</span> <span class='ocrx_word' id='word_1_172' title='bbox 282 2012 323 2084; x_wconf 82' lang='grc' dir='ltr'><em>ὃν</em></span> <span class='ocrx_word' id='word_1_173' title='bbox 352 2015 560 2104; x_wconf 79' lang='grc' dir='ltr'><em>τετράγωνος</em></span> <span class='ocrx_word' id='word_1_174' title='bbox 590 2015 740 2105; x_wconf 80' lang='grc' dir='ltr'><strong><em>ἀριθμὸς</em></strong></span> <span class='ocrx_word' id='word_1_175' title='bbox 766 2015 850 2103; x_wconf 82' lang='grc' dir='ltr'><strong><em>πρὸς</em></strong></span> <span class='ocrx_word' id='word_1_176' title='bbox 876 2014 1089 2102; x_wconf 80' lang='grc' dir='ltr'><em>τετράγωνον</em></span> <span class='ocrx_word' id='word_1_177' title='bbox 1119 2011 1192 2104; x_wconf 83' lang='grc' dir='ltr'><em>ἄρι-</em></span> 
     </span>
     <span class='ocr_line' id='line_1_19' title="bbox 167 2120 1191 2211; baseline 0 -22"><span class='ocrx_word' id='word_1_178' title='bbox 167 2120 273 2209; x_wconf 74' lang='grc' dir='ltr'><em>θμόν·</em></span> <span class='ocrx_word' id='word_1_179' title='bbox 315 2122 526 2211; x_wconf 78' lang='grc' dir='ltr'><em>ἀσύμμετρος</em></span> <span class='ocrx_word' id='word_1_180' title='bbox 559 2122 625 2210; x_wconf 73' lang='grc' dir='ltr'><em>ἄρα</em></span> <span class='ocrx_word' id='word_1_181' title='bbox 657 2123 748 2192; x_wconf 79' lang='grc' dir='ltr'><em>ἐστὶν</em></span> <span class='ocrx_word' id='word_1_182' title='bbox 775 2120 796 2209; x_wconf 80' lang='grc' dir='ltr'><em>ἡ</em></span> <span class='ocrx_word' id='word_1_183' title='bbox 826 2128 898 2189; x_wconf 91' lang='grc' dir='ltr'><em>ΖΗ</em></span> <span class='ocrx_word' id='word_1_184' title='bbox 919 2126 959 2210; x_wconf 78' lang='grc' dir='ltr'><em>τῇ</em></span> <span class='ocrx_word' id='word_1_185' title='bbox 989 2129 1057 2190; x_wconf 93' lang='grc' dir='ltr'><em>ΗΘ</em></span> <span class='ocrx_word' id='word_1_186' title='bbox 1084 2120 1191 2208; x_wconf 79' lang='grc' dir='ltr'><strong><em>μήκει.</em></strong></span> 
     </span>
     <span class='ocr_line' id='line_1_20' title="bbox 168 2226 1189 2326; baseline 0 -30"><span class='ocrx_word' id='word_1_187' title='bbox 168 2231 206 2296; x_wconf 73' lang='grc' dir='ltr'><em>αἱ</em></span> <span class='ocrx_word' id='word_1_188' title='bbox 218 2237 295 2316; x_wconf 93' lang='grc' dir='ltr'><em>ΖΗ,</em></span> <span class='ocrx_word' id='word_1_189' title='bbox 310 2237 378 2297; x_wconf 93' lang='grc' dir='ltr'><em>ΗΘ</em></span> <span class='ocrx_word' id='word_1_190' title='bbox 397 2228 462 2317; x_wconf 78' lang='grc' dir='ltr'><em>ἄρα</em></span> <span class='ocrx_word' id='word_1_191' title='bbox 486 2231 587 2317; x_wconf 80' lang='grc' dir='ltr'><em>ῥηταί</em></span> <span class='ocrx_word' id='word_1_192' title='bbox 602 2233 668 2297; x_wconf 76' lang='grc' dir='ltr'><em>εἰσι</em></span> <span class='ocrx_word' id='word_1_193' title='bbox 693 2229 836 2326; x_wconf 70' lang='grc' dir='ltr'><em>δυνάμοι</em></span> <span class='ocrx_word' id='word_1_194' title='bbox 859 2226 967 2316; x_wconf 85' lang='grc' dir='ltr'><em>μόνον</em></span> <span class='ocrx_word' id='word_1_195' title='bbox 992 2227 1189 2317; x_wconf 77' lang='grc' dir='ltr'><em>στ’μμετροι·</em></span> 
     </span>
     <span class='ocr_line' id='line_1_21' title="bbox 115 2332 839 2424; baseline -0.006 -17"><span class='ocrx_word' id='word_1_196' title='bbox 115 2358 149 2407; x_wconf 83' lang='lat'><em>20</em></span> <span class='ocrx_word' id='word_1_197' title='bbox 169 2332 190 2420; x_wconf 81' lang='grc' dir='ltr'><em>ἡ</em></span> <span class='ocrx_word' id='word_1_198' title='bbox 220 2343 280 2403; x_wconf 93' lang='grc' dir='ltr'><em>ΖΘ</em></span> <span class='ocrx_word' id='word_1_199' title='bbox 303 2333 369 2423; x_wconf 70' lang='grc' dir='ltr'><em>ἄρα</em></span> <span class='ocrx_word' id='word_1_200' title='bbox 392 2337 428 2402; x_wconf 80' lang='grc' dir='ltr'><em>ἐκ</em></span> <span class='ocrx_word' id='word_1_201' title='bbox 452 2336 515 2403; x_wconf 76' lang='grc' dir='ltr'><em>δύο</em></span> <span class='ocrx_word' id='word_1_202' title='bbox 540 2333 717 2424; x_wconf 78' lang='grc' dir='ltr'><em>ὀνομάτων</em></span> <span class='ocrx_word' id='word_1_203' title='bbox 740 2338 839 2404; x_wconf 83' lang='grc' dir='ltr'><em>ἐστίν.</em></span> 
     </span>
    </p>

    <p class='ocr_par' dir='ltr' id='par_1_3' title="bbox 240 2439 692 2531">
     <span class='ocr_line' id='line_1_22' title="bbox 240 2439 692 2531; baseline 0.007 -23"><span class='ocrx_word' id='word_1_204' title='bbox 240 2441 336 2527; x_wconf 83' lang='grc' dir='ltr'><em>Λέγω</em></span> <span class='ocrx_word' id='word_1_205' title='bbox 360 2441 413 2527; x_wconf 79' lang='grc' dir='ltr'><em>δή,</em></span> <span class='ocrx_word' id='word_1_206' title='bbox 437 2439 489 2509; x_wconf 78' lang='grc' dir='ltr'><em>ὅτι</em></span> <span class='ocrx_word' id='word_1_207' title='bbox 512 2442 567 2508; x_wconf 81' lang='grc' dir='ltr'><em>ναὶ</em></span> <span class='ocrx_word' id='word_1_208' title='bbox 589 2447 692 2531; x_wconf 77' lang='grc' dir='ltr'><em>τρίτη.</em></span> 
     </span>
    </p>

    <p class='ocr_par' dir='ltr' id='par_1_4' title="bbox 168 2544 1193 2851">
     <span class='ocr_line' id='line_1_23' title="bbox 236 2544 1191 2637; baseline 0.004 -24"><span class='ocrx_word' id='word_1_209' title='bbox 236 2544 326 2614; x_wconf 84' lang='grc' dir='ltr'><strong><em>Ἐπεὶ</em></strong></span> <span class='ocrx_word' id='word_1_210' title='bbox 354 2547 419 2634; x_wconf 78' lang='grc' dir='ltr'><em>γάρ</em></span> <span class='ocrx_word' id='word_1_211' title='bbox 443 2550 534 2616; x_wconf 82' lang='grc' dir='ltr'><em>ἐστιν</em></span> <span class='ocrx_word' id='word_1_212' title='bbox 558 2546 602 2629; x_wconf 79' lang='grc' dir='ltr'><em>ὡς</em></span> <span class='ocrx_word' id='word_1_213' title='bbox 625 2547 643 2618; x_wconf 85' lang='grc' dir='ltr'>ὁ</span> <span class='ocrx_word' id='word_1_214' title='bbox 669 2559 702 2617; x_wconf 86' lang='grc' dir='ltr'><em>Λ</em></span> <span class='ocrx_word' id='word_1_215' title='bbox 724 2548 808 2637; x_wconf 80' lang='grc' dir='ltr'><em>πρὸς</em></span> <span class='ocrx_word' id='word_1_216' title='bbox 831 2547 892 2617; x_wconf 89' lang='grc' dir='ltr'><em>τὸν</em></span> <span class='ocrx_word' id='word_1_217' title='bbox 915 2557 996 2633; x_wconf 87' lang='grc' dir='ltr'><em>ΑΒ,</em></span> <span class='ocrx_word' id='word_1_218' title='bbox 1023 2545 1132 2628; x_wconf 81' lang='grc' dir='ltr'><em>οὕτως</em></span> <span class='ocrx_word' id='word_1_219' title='bbox 1153 2545 1191 2617; x_wconf 85' lang='grc' dir='ltr'><em>τὸ</em></span> 
     </span>
     <span class='ocr_line' id='line_1_24' title="bbox 169 2648 1193 2743; baseline 0.003 -24"><span class='ocrx_word' id='word_1_220' title='bbox 169 2649 235 2720; x_wconf 79' lang='grc' dir='ltr'><em>ἀπὸ</em></span> <span class='ocrx_word' id='word_1_221' title='bbox 259 2656 318 2738; x_wconf 73' lang='grc' dir='ltr'><em>τῆς</em></span> <span class='ocrx_word' id='word_1_222' title='bbox 341 2661 373 2721; x_wconf 89' lang='grc' dir='ltr'><em>Ε</em></span> <span class='ocrx_word' id='word_1_223' title='bbox 393 2648 476 2742; x_wconf 79' lang='grc' dir='ltr'><strong><em>π’ρὸς</em></strong></span> <span class='ocrx_word' id='word_1_224' title='bbox 498 2654 535 2723; x_wconf 88' lang='grc' dir='ltr'><em>τὸ</em></span> <span class='ocrx_word' id='word_1_225' title='bbox 560 2653 626 2724; x_wconf 79' lang='grc' dir='ltr'><em>ἀπὸ</em></span> <span class='ocrx_word' id='word_1_226' title='bbox 650 2661 708 2743; x_wconf 76' lang='grc' dir='ltr'><em>τῆς</em></span> <span class='ocrx_word' id='word_1_227' title='bbox 732 2664 814 2743; x_wconf 91' lang='grc' dir='ltr'><em>ΖΗ,</em></span> <span class='ocrx_word' id='word_1_228' title='bbox 845 2654 889 2736; x_wconf 79' lang='grc' dir='ltr'><em>ὡς</em></span> <span class='ocrx_word' id='word_1_229' title='bbox 913 2654 950 2723; x_wconf 73' lang='grc' dir='ltr'><em>δὲ</em></span> <span class='ocrx_word' id='word_1_230' title='bbox 974 2652 992 2723; x_wconf 87' lang='grc' dir='ltr'><strong>ὁ</strong></span> <span class='ocrx_word' id='word_1_231' title='bbox 1013 2663 1080 2722; x_wconf 82' lang='lat' dir='ltr'><em>BA</em></span> <span class='ocrx_word' id='word_1_232' title='bbox 1108 2652 1193 2743; x_wconf 80' lang='grc' dir='ltr'><strong><em>πρὸς</em></strong></span> 
     </span>
     <span class='ocr_line' id='line_1_25' title="bbox 168 2758 1192 2851; baseline 0.002 -25"><span class='ocrx_word' id='word_1_233' title='bbox 168 2761 227 2828; x_wconf 89' lang='grc' dir='ltr'><em>τὸν</em></span> <span class='ocrx_word' id='word_1_234' title='bbox 255 2765 335 2846; x_wconf 83' lang='grc' dir='ltr'><em>ΑΓ,</em></span> <span class='ocrx_word' id='word_1_235' title='bbox 364 2758 470 2840; x_wconf 78' lang='grc' dir='ltr'><em>οὕτως</em></span> <span class='ocrx_word' id='word_1_236' title='bbox 496 2760 534 2829; x_wconf 88' lang='grc' dir='ltr'><em>τὸ</em></span> <span class='ocrx_word' id='word_1_237' title='bbox 565 2758 631 2829; x_wconf 77' lang='grc' dir='ltr'><em>ἀπὸ</em></span> <span class='ocrx_word' id='word_1_238' title='bbox 663 2765 721 2848; x_wconf 79' lang='grc' dir='ltr'><em>τῆς</em></span> <span class='ocrx_word' id='word_1_239' title='bbox 750 2769 821 2831; x_wconf 92' lang='grc' dir='ltr'><em>ΖΗ</em></span> <span class='ocrx_word' id='word_1_240' title='bbox 844 2761 928 2851; x_wconf 79' lang='grc' dir='ltr'><strong><em>πρὸς</em></strong></span> <span class='ocrx_word' id='word_1_241' title='bbox 960 2760 999 2829; x_wconf 92' lang='grc' dir='ltr'><em>τὸ</em></span> <span class='ocrx_word' id='word_1_242' title='bbox 1033 2758 1100 2830; x_wconf 75' lang='grc' dir='ltr'><em>ἀπὸ</em></span> <span class='ocrx_word' id='word_1_243' title='bbox 1134 2765 1192 2849; x_wconf 79' lang='grc' dir='ltr'><em>τῆς</em></span> 
     </span>
    </p>

    <p class='ocr_par' dir='ltr' id='par_1_5' title="bbox 117 2864 1195 3383">
     <span class='ocr_line' id='line_1_26' title="bbox 117 2864 1194 2958; baseline 0 -22"><span class='ocrx_word' id='word_1_244' title='bbox 117 2887 151 2936; x_wconf 78' lang='lat'><em>25</em></span> <span class='ocrx_word' id='word_1_245' title='bbox 170 2873 247 2952; x_wconf 90' lang='grc' dir='ltr'><em>ΗΘ,</em></span> <span class='ocrx_word' id='word_1_246' title='bbox 271 2864 316 2934; x_wconf 78' lang='grc' dir='ltr'><em>δι’</em></span> <span class='ocrx_word' id='word_1_247' title='bbox 339 2875 417 2935; x_wconf 76' lang='grc' dir='ltr'><em>ἴσον</em></span> <span class='ocrx_word' id='word_1_248' title='bbox 440 2866 505 2956; x_wconf 79' lang='grc' dir='ltr'><em>ἄρα</em></span> <span class='ocrx_word' id='word_1_249' title='bbox 529 2867 620 2935; x_wconf 83' lang='grc' dir='ltr'><em>ἐστὶν</em></span> <span class='ocrx_word' id='word_1_250' title='bbox 640 2866 684 2948; x_wconf 76' lang='grc' dir='ltr'><em>ὡς</em></span> <span class='ocrx_word' id='word_1_251' title='bbox 707 2866 725 2937; x_wconf 86' lang='grc' dir='ltr'>ὁ</span> <span class='ocrx_word' id='word_1_252' title='bbox 746 2877 780 2936; x_wconf 84' lang='grc' dir='ltr'><em>Δ</em></span> <span class='ocrx_word' id='word_1_253' title='bbox 802 2867 886 2958; x_wconf 82' lang='grc' dir='ltr'><strong><em>πρὸς</em></strong></span> <span class='ocrx_word' id='word_1_254' title='bbox 904 2868 964 2937; x_wconf 89' lang='grc' dir='ltr'><em>τὸν</em></span> <span class='ocrx_word' id='word_1_255' title='bbox 984 2873 1060 2954; x_wconf 90' lang='grc' dir='ltr'><em>ΑΓ,</em></span> <span class='ocrx_word' id='word_1_256' title='bbox 1084 2865 1194 2948; x_wconf 78' lang='grc' dir='ltr'><em>οὕτως</em></span> 
     </span>
     <span class='ocr_line' id='line_1_27' title="bbox 168 2971 1194 3065; baseline 0.003 -25"><span class='ocrx_word' id='word_1_257' title='bbox 168 2974 206 3043; x_wconf 89' lang='grc' dir='ltr'><em>τὸ</em></span> <span class='ocrx_word' id='word_1_258' title='bbox 234 2971 299 3042; x_wconf 77' lang='grc' dir='ltr'><em>ἀπὸ</em></span> <span class='ocrx_word' id='word_1_259' title='bbox 328 2977 387 3061; x_wconf 77' lang='grc' dir='ltr'><em>τῆς</em></span> <span class='ocrx_word' id='word_1_260' title='bbox 418 2981 450 3041; x_wconf 89' lang='grc' dir='ltr'><em>Ε</em></span> <span class='ocrx_word' id='word_1_261' title='bbox 475 2973 559 3062; x_wconf 82' lang='grc' dir='ltr'><em>πρὸς</em></span> <span class='ocrx_word' id='word_1_262' title='bbox 585 2974 624 3043; x_wconf 85' lang='grc' dir='ltr'><em>τὸ</em></span> <span class='ocrx_word' id='word_1_263' title='bbox 654 2972 719 3043; x_wconf 76' lang='grc' dir='ltr'><em>ἀπὸ</em></span> <span class='ocrx_word' id='word_1_264' title='bbox 747 2979 805 3061; x_wconf 67' lang='grc' dir='ltr'><em>τῆς</em></span> <span class='ocrx_word' id='word_1_265' title='bbox 828 2982 904 3045; x_wconf 92' lang='grc' dir='ltr'><em>ΗΘ.</em></span> <span class='ocrx_word' id='word_1_266' title='bbox 942 2972 960 3043; x_wconf 85' lang='grc' dir='ltr'>ὁ</span> <span class='ocrx_word' id='word_1_267' title='bbox 992 2974 1029 3043; x_wconf 70' lang='grc' dir='ltr'><em>δὲ</em></span> <span class='ocrx_word' id='word_1_268' title='bbox 1052 2983 1086 3042; x_wconf 91' lang='grc' dir='ltr'><em>Δ</em></span> <span class='ocrx_word' id='word_1_269' title='bbox 1111 2973 1194 3065; x_wconf 79' lang='grc' dir='ltr'><strong><em>πρὸς</em></strong></span> 
     </span>
     <span class='ocr_line' id='line_1_28' title="bbox 168 3078 1193 3170; baseline 0.002 -22"><span class='ocrx_word' id='word_1_270' title='bbox 168 3081 229 3148; x_wconf 88' lang='grc' dir='ltr'><em>τὸν</em></span> <span class='ocrx_word' id='word_1_271' title='bbox 248 3086 317 3148; x_wconf 86' lang='grc' dir='ltr'><em>ΑΓ</em></span> <span class='ocrx_word' id='word_1_272' title='bbox 332 3079 437 3166; x_wconf 81' lang='grc' dir='ltr'><em>λόγον</em></span> <span class='ocrx_word' id='word_1_273' title='bbox 456 3080 517 3149; x_wconf 86' lang='grc' dir='ltr'><em>οὐκ</em></span> <span class='ocrx_word' id='word_1_274' title='bbox 541 3086 617 3168; x_wconf 78' lang='grc' dir='ltr'>ἔχει,</span> <span class='ocrx_word' id='word_1_275' title='bbox 642 3078 684 3150; x_wconf 78' lang='grc' dir='ltr'><em>ὃν</em></span> <span class='ocrx_word' id='word_1_276' title='bbox 706 3081 915 3169; x_wconf 76' lang='grc' dir='ltr'><em>τετράγωνος</em></span> <span class='ocrx_word' id='word_1_277' title='bbox 938 3078 1085 3168; x_wconf 75' lang='grc' dir='ltr'><strong><em>ἀριθμὸς</em></strong></span> <span class='ocrx_word' id='word_1_278' title='bbox 1109 3080 1193 3170; x_wconf 80' lang='grc' dir='ltr'><strong><em>πρὸς</em></strong></span> 
     </span>
     <span class='ocr_line' id='line_1_29' title="bbox 171 3185 1194 3277; baseline 0.005 -24"><span class='ocrx_word' id='word_1_279' title='bbox 171 3186 384 3272; x_wconf 77' lang='grc' dir='ltr'><em>τετράγωνον</em></span> <span class='ocrx_word' id='word_1_280' title='bbox 413 3186 575 3274; x_wconf 76' lang='grc' dir='ltr'><em>ἀριθμόν·</em></span> <span class='ocrx_word' id='word_1_281' title='bbox 618 3186 700 3256; x_wconf 70' lang='grc' dir='ltr'><em>οὐδὲ</em></span> <span class='ocrx_word' id='word_1_282' title='bbox 725 3186 764 3256; x_wconf 90' lang='grc' dir='ltr'><em>τὸ</em></span> <span class='ocrx_word' id='word_1_283' title='bbox 794 3185 858 3256; x_wconf 79' lang='grc' dir='ltr'><em>ἀπὸ</em></span> <span class='ocrx_word' id='word_1_284' title='bbox 885 3192 945 3274; x_wconf 80' lang='grc' dir='ltr'><em>τῆς</em></span> <span class='ocrx_word' id='word_1_285' title='bbox 968 3195 1000 3255; x_wconf 89' lang='grc' dir='ltr'><em>Ε</em></span> <span class='ocrx_word' id='word_1_286' title='bbox 1020 3186 1087 3275; x_wconf 75' lang='grc' dir='ltr'><em>ἄρα</em></span> <span class='ocrx_word' id='word_1_287' title='bbox 1111 3187 1194 3277; x_wconf 80' lang='grc' dir='ltr'><em>πρὸς</em></span> 
     </span>
     <span class='ocr_line' id='line_1_30' title="bbox 170 3289 1195 3383; baseline 0.008 -26"><span class='ocrx_word' id='word_1_288' title='bbox 170 3289 207 3358; x_wconf 85' lang='grc' dir='ltr'><em>τὸ</em></span> <span class='ocrx_word' id='word_1_289' title='bbox 236 3289 303 3358; x_wconf 78' lang='grc' dir='ltr'><em>ἀπὸ</em></span> <span class='ocrx_word' id='word_1_290' title='bbox 326 3296 385 3378; x_wconf 77' lang='grc' dir='ltr'><em>τῆς</em></span> <span class='ocrx_word' id='word_1_291' title='bbox 409 3299 477 3360; x_wconf 92' lang='grc' dir='ltr'><em>ΗΘ</em></span> <span class='ocrx_word' id='word_1_292' title='bbox 499 3292 603 3379; x_wconf 76' lang='grc' dir='ltr'><em>λόγον</em></span> <span class='ocrx_word' id='word_1_293' title='bbox 631 3300 712 3382; x_wconf 81' lang='grc' dir='ltr'>ἔχει,</span> <span class='ocrx_word' id='word_1_294' title='bbox 742 3291 783 3363; x_wconf 81' lang='grc' dir='ltr'><em>ὃν</em></span> <span class='ocrx_word' id='word_1_295' title='bbox 810 3294 1019 3382; x_wconf 78' lang='grc' dir='ltr'><em>τετράγωνος</em></span> <span class='ocrx_word' id='word_1_296' title='bbox 1045 3291 1195 3383; x_wconf 76' lang='grc' dir='ltr'><strong><em>ἀριθμὸς</em></strong></span> 
     </span>
    </p>
   </div>
   <div class='ocr_carea' id='block_1_3' title="bbox 170 3447 1193 3597">
    <p class='ocr_par' dir='ltr' id='par_1_6' title="bbox 170 3447 1193 3597">
     <span class='ocr_line' id='line_1_31' title="bbox 242 3447 1193 3526; baseline 0.006 -23"><span class='ocrx_word' id='word_1_297' title='bbox 242 3457 266 3506; x_wconf 78' lang='lat'><em>2.</em></span> <span class='ocrx_word' id='word_1_298' title='bbox 283 3447 365 3522; x_wconf 73' lang='grc' dir='ltr'><em>ῥητή]</em></span> <span class='ocrx_word' id='word_1_299' title='bbox 382 3455 486 3509; x_wconf 64' lang='lat' dir='ltr'><em>nm.</em></span> <span class='ocrx_word' id='word_1_300' title='bbox 543 3460 566 3508; x_wconf 90' lang='lat'><em>3.</em></span> <span class='ocrx_word' id='word_1_301' title='bbox 586 3455 620 3519; x_wconf 78' lang='grc' dir='ltr'><em>τῆ</em></span> <span class='ocrx_word' id='word_1_302' title='bbox 637 3458 694 3509; x_wconf 87' lang='grc' dir='ltr'><em>ΖΗ</em></span> <span class='ocrx_word' id='word_1_303' title='bbox 707 3457 732 3510; x_wconf 92' lang='lat' dir='ltr'><em>b.</em></span> <span class='ocrx_word' id='word_1_304' title='bbox 788 3462 812 3511; x_wconf 84' lang='lat'><em>4.</em></span> <span class='ocrx_word' id='word_1_305' title='bbox 833 3451 864 3510; x_wconf 83' lang='lat' dir='ltr'><em>&#39;w&#39;</em></span> <span class='ocrx_word' id='word_1_306' title='bbox 876 3461 945 3510; x_wconf 78' lang='lat'><em>-5.</em></span> <span class='ocrx_word' id='word_1_307' title='bbox 962 3454 1032 3526; x_wconf 89' lang='grc' dir='ltr'><em>ΖΗ]</em></span> <span class='ocrx_word' id='word_1_308' title='bbox 1041 3455 1145 3525; x_wconf 78' lang='lat' dir='ltr'>(prius)</span> <span class='ocrx_word' id='word_1_309' title='bbox 1157 3474 1193 3509; x_wconf 90' lang='lat' dir='ltr'><em>m.</em></span> 
     </span>
     <span class='ocr_line' id='line_1_32' title="bbox 170 3520 1193 3597; baseline 0.003 -21"><span class='ocrx_word' id='word_1_310' title='bbox 170 3523 236 3579; x_wconf 67' lang='grc' dir='ltr'><em>ΖΒ.</em></span> <span class='ocrx_word' id='word_1_311' title='bbox 310 3527 335 3576; x_wconf 79' lang='grc' dir='ltr'><em>ὅ.</em></span> <span class='ocrx_word' id='word_1_312' title='bbox 355 3526 407 3578; x_wconf 83' lang='grc' dir='ltr'><em>καί</em></span> <span class='ocrx_word' id='word_1_313' title='bbox 425 3520 481 3580; x_wconf 76' lang='grc' dir='ltr'><em>ἐστι</em></span> <span class='ocrx_word' id='word_1_314' title='bbox 501 3521 583 3597; x_wconf 67' lang='grc' dir='ltr'><em>ῥητή]</em></span> <span class='ocrx_word' id='word_1_315' title='bbox 604 3523 672 3596; x_wconf 74' lang='grc' dir='ltr'><em>ῥητὴ</em></span> <span class='ocrx_word' id='word_1_316' title='bbox 695 3528 726 3581; x_wconf 75' lang='grc' dir='ltr'><em>δέ</em></span> <span class='ocrx_word' id='word_1_317' title='bbox 747 3528 777 3581; x_wconf 89' lang='grc' dir='ltr'><em>Β.</em></span> <span class='ocrx_word' id='word_1_318' title='bbox 846 3522 922 3582; x_wconf 77' lang='grc' dir='ltr'><em>ἐστίν</em></span> <span class='ocrx_word' id='word_1_319' title='bbox 941 3525 973 3582; x_wconf 92' lang='grc' dir='ltr'><em>Β.</em></span> <span class='ocrx_word' id='word_1_320' title='bbox 1049 3533 1091 3582; x_wconf 90' lang='grc'><em>10.</em></span> <span class='ocrx_word' id='word_1_321' title='bbox 1112 3524 1146 3582; x_wconf 78' lang='grc' dir='ltr'><em>δέ</em></span> <span class='ocrx_word' id='word_1_322' title='bbox 1160 3525 1193 3579; x_wconf 91' lang='lat' dir='ltr'><em>V.</em></span> 
     </span>
    </p>
   </div>
   <div class='ocr_carea' id='block_1_4' title="bbox 0 0 1252 3908">
    <p class='ocr_par' dir='ltr' id='par_1_7' title="bbox 0 0 1252 3908">
     <span class='ocr_line' id='line_1_33' title="bbox 0 0 1252 3908; baseline 0 0"><span class='ocrx_word' id='word_1_323' title='bbox 0 0 1252 3908; x_wconf 95' lang='lat' dir='ltr'><em> </em></span> 
     </span>
    </p>
   </div>
  </div>
 </body>
</html>
