2474 3908
389 165 664 217 ELEMENTORUM
680 166 790 216 LIBER
807 166 839 217 X.
1080 165 1120 227 11

384 309 485 412 'A'
613 309 1006 413 Ai-Zi—i--i———iB

225 483 361 591 Pi—a-Ei
662 540 1007 591 ι------ιΔ

109 697 251 781 metitur,
278 702 343 762 AB
373 699 635 783 magnitudinum
664 704 742 784 AB,
772 701 834 763 ΓΛ
862 699 1042 764 eommunis
1073 702 1123 762 est

108 825 269 868 mensura.
293 809 325 868 et
340 805 482 889 adparet,
500 806 633 870 eandem
649 806 824 871 maximam
844 827 922 888 esse3
941 828 1017 870 nam
1034 825 1123 890 mag·

108 910 222 975 nitudo
246 911 468 996 magnitudine
491 915 556 975 AB
580 913 684 977 maior
707 916 772 976 AB
796 934 862 976 non
887 912 1046 976 metietur.

175 1017 286 1101 itaque
309 1038 350 1081 ne
373 1018 527 1083 metiatur
547 1023 612 1082 AB
631 1018 888 1103 magnitudinem
907 1020 978 1083 ΓΛ.
1012 1021 1044 1082 et
1063 1019 1122 1083 mi-

108 1144 187 1187 nore
221 1146 348 1208 semper
379 1125 524 1190 uicissim
556 1149 575 1189 a
607 1126 729 1190 maiore
763 1125 930 1189 subtracta
962 1125 1122 1208 reliquum

110 1229 283 1314 aliquando
308 1231 566 1316 magnitudinem
589 1232 834 1315 praecedentem
862 1231 1021 1314 metietur,
1048 1231 1123 1314 quia

108 1340 187 1420 AB,
211 1340 272 1402 ΓΛ
299 1336 642 1402 incommensurabiles
668 1359 734 1402 non
762 1341 837 1402 sunt
861 1338 929 1418 [cfr.
952 1359 1043 1422 prop.
1066 1335 1124 1419 ΙΙ].

109 1446 142 1508 et
165 1447 231 1507 AB
254 1443 514 1528 magnitudinem
539 1449 607 1508 ΕΛ
635 1444 772 1508 metiens
802 1465 835 1506 se
862 1443 935 1528 ipsa
963 1445 1123 1508 minorem

108 1549 271 1634 relinquat
285 1552 356 1634 ΕΓ,
375 1552 443 1614 ΕΓ
455 1554 564 1615 autem
580 1554 641 1614 ZB
660 1550 799 1615 metiens
819 1571 853 1614 se
872 1551 944 1634 ipsa
964 1551 1122 1616 minorem

109 1656 271 1740 relinquat
285 1662 317 1720 A
323 1660 358 1734 Z,
378 1659 411 1720 et
428 1662 460 1721 A
466 1661 494 1720 Z
513 1656 772 1742 magnitudinem
791 1659 852 1721 ΓΕ
868 1658 1030 1721 metiatur.
1057 1657 1122 1722 iam

109 1764 261 1847 quoniam
277 1768 342 1827 AZ
355 1763 615 1848 magnitudinem
627 1766 687 1828 ΓΕ
699 1764 842 1846 metitur,
857 1766 916 1828 ΓΕ
929 1768 1036 1828 autem
1053 1768 1123 1844 ZB,

109 1871 209 1934 etiam
233 1874 265 1933 A
272 1874 299 1933 Z
323 1870 580 1955 magnitudinem
604 1875 665 1935 ZB
692 1870 851 1935 metietur.
883 1893 995 1936 uerum
1024 1872 1123 1936 etiam

110 1997 144 2040 se
163 1977 269 2061 ipsam
288 1977 429 2044 metitur.
454 1998 552 2062 quare
572 1978 669 2042 etiam
684 1980 788 2043 totam
803 1982 869 2041 AB
884 1979 1037 2042 metietur
1049 1985 1080 2042 Α
1086 1983 1122 2044 Ζ.

110 2083 166 2148 sed
185 2089 251 2148 AB
276 2083 535 2168 magnitudinem
556 2088 622 2147 ΔΕ
642 2085 784 2148 metitur.
807 2084 917 2167 itaque
941 2086 1038 2148 etiam
1058 2089 1123 2148 ΑΖ

109 2190 369 2275 magnitudinem
389 2195 452 2254 EA
471 2191 631 2254 metietur.
655 2212 767 2254 uerum
787 2190 884 2253 etiam
904 2191 963 2254 ΓΕ
981 2192 1122 2256 metitur.

109 2319 210 2381 quare
236 2297 334 2362 etiam
358 2300 463 2361 totam
486 2299 548 2361 ΓΛ
572 2297 712 2363 metitur.
740 2297 851 2381 itaque
875 2301 940 2360 ΑΖ
963 2298 1123 2382 magnitu-

110 2401 222 2467 dinum
249 2408 315 2467 AB
321 2455 329 2487 ,
356 2405 423 2467 ΓΛ
449 2403 632 2468 eommunis
666 2407 716 2468 est
747 2425 906 2468 mensura.
943 2403 1008 2467 iam
1041 2404 1123 2488 dieo,

110 2509 245 2574 eandem
265 2510 438 2574 maximam
458 2532 537 2575 esse.
565 2532 643 2573 nam
663 2510 692 2574 si
709 2510 829 2594 minus,
852 2510 1042 2593 magnitudo
1062 2510 1123 2574 erit

110 2617 216 2681 maior
239 2617 461 2701 magnitudine
484 2621 562 2700 ΑΖ,
591 2639 672 2700 quae
696 2621 776 2700 AB,
798 2619 861 2680 ΓΔ
884 2617 1046 2681 metiatur.
1079 2617 1122 2680 sit

109 2726 157 2787 H.
180 2724 246 2787 iam
266 2723 419 2807 quoniam
438 2727 478 2787 H
490 2722 746 2808 magnitudinem
769 2727 829 2787 AB
848 2724 991 2805 metitur,
1010 2727 1042 2788 et
1061 2728 1122 2787 ΑΒ

109 2829 369 2913 magnitudinem
400 2834 468 2893 EA
497 2830 643 2912 metitur,
673 2828 773 2893 etiam
800 2833 838 2892 H
865 2828 1122 2912 magnitudinem

110 2941 180 3000 EA
203 2936 365 3001 metietur.
388 2958 501 3001 uerum
525 2937 622 3000 etiam
646 2938 751 3000 totam
769 2936 832 2998 ΓΔ
850 2935 990 3000 metitur.
1023 2958 1122 3020 quare

109 3045 208 3108 etiam
232 3043 390 3127 reliquam
408 3046 469 3108 ΓΕ
488 3043 620 3106 metitur
643 3044 686 3104 H.
710 3040 767 3105 sed
785 3042 845 3104 ΓΕ
865 3041 1122 3125 magnitudinem

110 3155 167 3215 ZB
183 3150 326 3215 metitur.
349 3150 458 3233 itaque
473 3149 571 3213 etiam
585 3152 623 3211 H
634 3147 890 3232 magnitudinem
905 3151 961 3210 ΖΒ
981 3148 1121 3214 metitur.

108 3280 222 3322 uerum
247 3258 346 3321 etiam
369 3258 471 3320 totam
492 3260 557 3320 AB
576 3255 709 3318 metitur
732 3259 764 3318 et
787 3254 946 3338 reliquam
966 3259 999 3318 A
1005 3259 1032 3318 Z
1056 3277 1122 3318 me-

110 3434 181 3506 ΕΔ]
202 3432 299 3502 (prius)
319 3434 375 3485 ΛΕ
393 3431 423 3486 Ρ.
457 3449 460 3456 ·
499 3436 541 3485 21.
560 3430 622 3500 καί]
644 3430 713 3498 (alt.)
734 3448 786 3486 om.
809 3430 840 3484 V.
923 3437 965 3485 aa.
984 3426 1029 3502 τό]
1050 3434 1060 3502 (
1078 3432 1122 3500 la.)

109 3502 160 3560 τόν
179 3505 208 3559 P.
288 3509 330 3557 24.
350 3499 447 3556 λοιπὸν
467 3497 522 3571 ἄρα
542 3503 571 3557 F.
