2474 3908
125 154 191 220 380
538 155 732 206 Αεευαυυε.

126 296 190 365 άπὸ
216 300 276 365 τοῦ
300 301 332 364 Γ
351 298 452 381 ἐστιν,
477 292 494 362 6
521 294 558 363 δὲ
581 301 620 362 Η
639 291 704 363 άπὸ
723 297 785 362 τοῦ
809 301 856 360 Δ·
884 291 922 361 τὸ
946 288 1015 359 άπὸ
1040 294 1105 377 τῆς
1123 300 1151 358 A

126 402 192 492 άρα
215 429 298 491 προς
320 402 358 470 τὸ
388 400 453 469 άπὸ
483 405 592 488 τῆςΒ
623 401 726 488 λόγον
754 406 834 488 ἔχει,
868 396 909 468 ὃν
936 396 1149 486 τετράγωνος

126 507 273 597 άριθμὸς
296 507 379 595 πρὸς
401 507 612 595 τετράγωνον
637 506 796 596 άριθμόν.
832 505 913 592 ὅπερ
940 509 1009 572 ἔδει
1035 507 1151 585 δεῖξαι.

92 671 97 679 .
191 614 288 683 Ἀλλά
313 614 354 701 δὴ
380 616 478 701 ἐχέτω
502 613 539 681 τὸ
564 612 631 682 ἀπὸ
654 624 713 699 τῆς
732 623 763 680 A
786 611 870 701 πρὸς
891 610 929 680 τὸ
954 610 1022 680 άπὸ
1043 619 1152 699 τῆςΒ

93 747 108 796 5
128 721 243 808 λόγον,
268 719 308 790 ὃν
332 721 540 807 τετράγωνος
563 717 711 807 ἀριθμὸς
735 718 753 789 6
777 727 808 787 Β
829 721 912 807 πρὸς
934 717 1152 804 τετράγωνον

128 826 358 916 ἀριθμὸντὸν
378 833 426 894 Η·
453 828 548 914 λέγω,
572 825 623 894 ὅτι
643 824 830 912 σύμμετρός
849 823 979 911 ἐστινὴ
1001 833 1034 891 Α
1053 829 1096 914 τῇ
1116 831 1152 892 Β.

187 933 296 1002 Ἔστω
318 932 384 1022 γάρ
408 937 468 1001 τοῦ
492 932 554 1019 μὲν
573 939 604 998 Ε
624 929 751 1019 πλευρά
772 929 789 999 6
810 937 848 1017 Γ,
871 935 931 999 τοῦ
952 931 990 998 δὲ
1009 939 1052 998 Η
1069 928 1087 999 6
1108 940 1152 1016 A,

128 1041 183 1107 καὶ
208 1038 225 1107 6
250 1046 282 1107 Γ
300 1038 359 1107 τὸν
380 1048 413 1106 A
435 1037 730 1119 πολλαπλασιάσας
752 1037 812 1106 τὸν
833 1046 859 1105 Ζ
878 1043 1028 1106 ποιείτω·
1060 1040 1098 1104 οἱ
1113 1045 1153 1124 Ε,

131 1153 166 1232 Ζ,
182 1153 220 1213 Η
238 1145 304 1234 άρα
324 1146 398 1231 ἑξῆς
417 1149 503 1213 εἰσιν
522 1141 694 1231 άνάλογον
718 1147 754 1212 ἐν
778 1149 823 1236 τῷ
847 1149 908 1213 τοῦ
928 1149 961 1211 Γ
979 1143 1069 1231 πρὸς
1092 1144 1154 1213 τὸν

78 1279 110 1327 10
131 1261 164 1319 A
186 1254 283 1344 λόγῳ.
321 1251 376 1319 καὶ
396 1251 465 1320 ἐπεὶ
484 1255 552 1320 τῶν
571 1248 637 1319 άπὸ
657 1253 726 1319 τῶν
744 1260 787 1336 A,
807 1257 834 1317 Β
854 1252 958 1337 μέσον
977 1247 1153 1337 ἀνάλογόν

131 1362 200 1427 ἐστι
223 1357 261 1426 τὸ
284 1355 351 1426 ὑπὸ
374 1363 442 1426 τῶν
465 1368 509 1444 Α,
534 1365 573 1443 Β,
596 1361 664 1426 τῶν
689 1356 726 1424 δὲ
750 1364 790 1444 Ε,
809 1364 848 1425 Η
868 1353 886 1424 6
907 1365 944 1442 Z,
969 1362 1064 1425 ἔστιν
1088 1356 1154 1445 ἄρα

131 1463 175 1545 ὡς
197 1463 234 1532 τὸ
261 1463 326 1532 άπὸ
349 1469 408 1551 τῆς
432 1473 463 1530 A
490 1464 575 1550 πρὸς
600 1463 638 1531 τὸ
668 1460 735 1531 ὑπὸ
762 1467 831 1531 τῶν
854 1473 901 1550 Α,
925 1470 969 1550 Β,
1000 1461 1112 1545 οὕτως
1135 1464 1152 1532 6

135 1578 163 1636 Ε
183 1567 266 1658 πρὸς
284 1567 343 1638 τὸν
365 1578 399 1637 Ζ.
438 1569 483 1648 ὡς
506 1569 544 1637 δὲ
565 1568 604 1637 τὸ
627 1568 694 1637 ὑπὸ
718 1573 786 1637 τῶν
809 1577 896 1657 Α,Β
920 1569 1004 1658 πρὸς
1027 1570 1068 1639 τὸ
1090 1569 1154 1638 άπὸ

131 1680 188 1762 τῆς
207 1682 245 1763 Β,
268 1676 376 1755 οὕτως
399 1675 417 1743 6
439 1681 464 1741 Ζ
488 1673 571 1764 πρὸς
594 1674 653 1742 τὸν
671 1683 716 1761 Η,
741 1672 813 1744 ἀλλ’
832 1673 877 1755 ὡς
899 1674 936 1743 τὸ
956 1673 1022 1744 άπὸ
1043 1682 1105 1764 τῆς
1123 1687 1155 1745 A

80 1808 112 1856 ιε
131 1781 215 1871 πρὸς
238 1781 275 1850 τὸ
294 1779 360 1850 ὑπὸ
383 1783 450 1850 τῶν
475 1791 523 1867 A,
546 1789 590 1868 Β,
615 1782 722 1863 οὕτως
745 1779 765 1869 ἡ
789 1793 822 1850 A
843 1783 927 1871 πρὸς
949 1782 1011 1869 τὴν
1037 1791 1078 1852 Β.
1121 1787 1156 1852 αἱ

133 1896 231 1975 Α,Β
260 1889 324 1978 άρα
353 1888 537 1975 σύμμετροί
563 1893 663 1956 εἰσιν·
705 1887 809 1975 λόγον
837 1888 901 1977 γάρ
926 1894 1081 1977 ἔχουσιν,
1116 1889 1155 1960 ὃν

132 1995 279 2084 άριθμὸς
302 1993 320 2063 6
345 2003 376 2062 E
397 1997 481 2083 πρὸς
503 1992 653 2081 άριθμὸν
677 1993 737 2063 τὸν
762 2003 800 2082 Ζ,
823 1997 995 2064 τουτέστιν
1019 1993 1064 2064 ὃν
1089 1995 1107 2066 6
1130 2003 1160 2066 Γ

133 2102 215 2191 πρὸς
232 2101 293 2171 τὸν
313 2112 345 2169 A
352 2123 359 2138 ·
383 2099 429 2180 ὡς
447 2100 512 2188 γὰρ
532 2098 550 2168 6
566 2106 598 2168 Γ
611 2100 694 2188 πρὸς
711 2098 772 2170 τὸν
787 2109 832 2188 A,
857 2101 875 2169 6
891 2109 922 2169 E
938 2101 1021 2188 πρὸς
1035 2102 1102 2172 τὸν
1118 2112 1156 2171 Ζ·

134 2207 235 2296 ὁγὰρ
250 2216 282 2276 Γ
302 2209 422 2276 ἑαυτὸν
441 2207 502 2294 μὲν
522 2206 815 2288 πολλαπλασιάσας
833 2206 892 2276 τὸν
908 2215 940 2274 Ε
959 2215 1157 2297 πεποίηκεν,

82 2340 116 2388 20
134 2316 193 2385 τὸν
215 2315 251 2384 δὲ
265 2324 299 2383 A
322 2312 616 2394 πολλαπλασιάσας
634 2311 736 2381 τὸνΖ
759 2319 952 2401 πεποίηκεν·
976 2319 1072 2384 ἔστιν
1092 2317 1159 2403 άρα

136 2419 181 2503 ὥς
205 2423 222 2491 6
248 2429 279 2490 Γ
297 2420 379 2512 πρὸς
402 2420 461 2489 τὸν
486 2430 529 2506 A,
555 2419 573 2488 6
596 2428 627 2488 Β
649 2420 732 2508 πρὸς
753 2419 814 2489 τὸν
839 2428 875 2490 Z.

628 2602 659 2667 4.

450 2708 501 2772 Ad
524 2709 596 2772 libr.
621 2707 650 2771 X
675 2729 766 2791 prop.
793 2708 843 2772 10.

207 2815 254 2900 Τῇ
273 2810 338 2900 άρα
357 2818 558 2900 προτεθείσῃ
578 2810 696 2901 εὐθείᾳ
713 2813 753 2899 τῇ
773 2812 867 2899 ῥητῇ,
892 2807 951 2897 ἀφ’
968 2802 1008 2897 ἧς
1026 2816 1162 2901 ἔφαμεν

136 2918 176 2987 τά
205 2920 306 3006 μέτρα
330 2918 580 3007 λαμβάνεσθαι,
610 2912 684 2986 οἷον
711 2921 751 3005 τῇ
775 2927 822 3003 A,
850 2918 1081 3005 προσεύρηται
1105 2926 1162 2990 ὃν·

138 3027 235 3112 νάμει
253 3026 314 3113 μὲν
330 3023 550 3114 σύμμετροςὴ
567 3033 609 3114 Δ,
627 3024 776 3092 τουτέστι
791 3023 872 3110 ῥητὴ
890 3023 1031 3111 δυνάμει
1048 3027 1162 3112 μόνον
1189 3082 1195 3101 .

210 3209 234 3258 4.
255 3200 358 3272 Posti,
380 3207 449 3274 Ep.
470 3210 513 3273 34,
533 3201 686 3268 5PBFb3
705 3218 761 3270 mg.
780 3219 817 3254 m.
839 3202 907 3267 1V‚
927 3201 991 3257 add.
1010 3205 1161 3272 κείμενον.

212 3370 235 3417 3.
256 3357 291 3431 άρ
276 3358 405 3502 ριθμόρ]
413 3378 503 3432 comp
524 3378 592 3417 corr.
613 3377 646 3415 ex
666 3378 757 3430 comp
776 3355 847 3428 πρός
866 3379 901 3415 m.
923 3360 987 3415 lF
1044 3367 1071 3415 6.
1092 3362 1164 3418 Post

140 3432 246 3488 Badd
266 3453 350 3520 μηκει
427 3451 463 3488 m.
484 3432 551 3488 213.
644 3438 666 3487 7.
688 3432 752 3502 με’ν]
773 3447 827 3485 om.
847 3430 873 3485 b.
965 3427 997 3501 6]
1019 3431 1162 3518 (prinam

141 3522 210 3559 corr
230 3501 312 3572 επὸ,
342 3522 426 3576 supra
450 3522 501 3559 scr.
522 3500 537 3558 6
561 3504 596 3571 Γ,
625 3497 642 3573 ἡ
666 3502 693 3557 b.
773 3508 813 3557 10.
838 3502 906 3572 τῶν]
930 3517 1000 3556 corr.
1020 3519 1055 3556 ex
1075 3501 1109 3558 τό
1133 3507 1165 3560 Β.
