2474 3908
131 148 195 214 182
516 145 717 198 εεοεωωεαω
735 145 762 200 ι’.

128 287 489 377 παραβαλλόμενον
511 285 657 366 πλάτος
679 284 881 372 ποιεῖτὴν
904 283 1038 355 ἐκδύο
1059 285 1149 356 ὀνο·

129 397 261 485 μάτων
284 395 450 482 πράτην.

187 501 296 570 Ἔστω
324 504 361 570 ἐκ
388 499 451 569 δύο
480 497 658 586 ὀνομάτων
684 497 705 585 ή
734 504 799 565 ΑΒ
823 499 1006 587 διῃρημένη
1036 505 1085 581 εἰς
1108 500 1149 570 τὰ

130 607 280 696 ὀνόματα
306 607 389 676 κατά
416 605 454 675 τὸ
479 613 520 693 Γ,
549 604 634 675 ὥστε
661 603 699 674 τὸ
726 611 840 692 μεῖζον
868 603 975 693 ὄνομα
998 603 1088 677 εἶναι
1111 606 1149 677 τὸ

94 741 110 789 ε
130 723 162 783 A
169 720 212 800 Γ,
234 715 290 782 καὶ
314 717 475 783 ἐκκείσθω
499 711 582 801 ῥητή
605 712 626 800 ή
653 719 735 799 ΔΕ,
758 713 813 780 καὶ
836 723 883 803 τῷ
905 709 971 781 άπὸ
994 724 1056 801 τῆς
1082 720 1148 783 ΑΒ

131 830 206 889 ἴσον
229 819 318 910 παρὰ
337 819 400 907 τήν
419 827 489 887 ΛΕ
507 818 775 907 παραβεβλήσθω
799 817 837 887 τὸ
861 825 1006 887 ΔΕΖΗ
1025 823 1150 901 πλάτος

128 931 253 996 ποιοῦν
277 928 338 1014 τήν
362 934 447 995 ΛΗ·
479 927 580 1013 λέγω,
608 925 658 994 ὅτι
680 923 701 1012 ή
726 931 804 993 ΔΗ
822 927 858 993 ἐκ
882 925 945 994 δύο
969 924 1149 1014 ὀνομάτων

130 1036 199 1102 ἐστὶ
221 1033 343 1120 πρώτη.

196 1138 476 1229 Παραβεβλήσθω
508 1137 575 1226 γάρ
606 1137 695 1224 παρά
726 1136 788 1224 τήν
813 1145 883 1206 ΛΕ
908 1142 953 1230 τῷ
983 1137 1049 1225 μὲν
1083 1139 1149 1209 άπὸ

79 1271 111 1320 10
129 1250 188 1333 τῆς
216 1253 284 1314 ΑΓ
308 1254 384 1314 ἴσον
411 1244 448 1312 τὸ
478 1252 561 1331 ΛΘ,
594 1248 639 1336 τῷ
670 1244 709 1312 δὲ
736 1244 802 1313 άπὸ
829 1249 888 1330 τής
916 1251 982 1312 ΒΓ
1004 1253 1085 1314 ἴσον
1111 1245 1150 1315 τὸ

130 1359 211 1420 KA·
238 1351 357 1420 λοιπὸν
380 1350 446 1438 άρα
468 1349 507 1420 τὸ
531 1351 585 1430 δὶς
605 1347 672 1419 ὑπὸ
696 1354 764 1418 τῶν
787 1356 867 1436 ΑΓ,
891 1356 952 1417 ΓΒ
976 1357 1056 1418 ἴσον
1080 1353 1149 1420 ἐστὶ

129 1461 175 1548 τῷ
191 1465 272 1524 ΜΖ.
304 1456 479 1544 τετμήσθω
502 1455 523 1544 ἡ
547 1464 629 1525 ΜΗ
648 1462 725 1544 δίχα
747 1455 830 1523 κατὰ
853 1455 891 1523 τὸ
914 1462 963 1540 N,
986 1457 1043 1524 καὶ
1067 1482 1150 1545 παρ-

130 1562 272 1648 άλληλος
298 1561 394 1649 ήχθω
419 1559 440 1648 ἡ
463 1564 529 1638 ΝΞ
550 1562 702 1652 [ἑκατέρᾳ
728 1565 797 1631 τῶν
821 1568 911 1646 MA,
934 1565 1027 1646 HZJ.
1076 1563 1149 1631 ἑκά-

130 1693 228 1755 τερον
251 1668 317 1755 άρα
338 1672 408 1737 τῶν
428 1671 509 1755 ΜΞ,
534 1675 603 1736 ΝΖ
621 1676 698 1736 ἴσον
722 1669 791 1736 ἐστὶ
813 1679 859 1760 τῷ
882 1665 969 1749 ἅπαξ
992 1665 1061 1738 ὑπὸ
1079 1675 1149 1738 τῶν

79 1800 112 1849 15
131 1780 237 1843 ΑΓΒ.
274 1776 329 1843 καὶ
353 1776 422 1843 ἐπεὶ
447 1778 482 1842 ἐκ
506 1773 569 1843 δύο
593 1772 769 1861 ὀνομάτων
793 1775 883 1844 ἐστὶν
904 1771 925 1861 ή
944 1781 1011 1841 ΑΒ
1031 1779 1149 1864 διηρη-

131 1882 213 1968 μένη
238 1887 285 1963 εἰς’
306 1881 347 1951 τόι
371 1880 520 1970 ὀνόματα
542 1879 624 1948 κατά
647 1880 685 1949 τὸ
705 1887 743 1966 Γ,
766 1884 805 1948 αί
822 1886 895 1966 ΑΓ,
915 1887 977 1948 ΓΒ
1001 1878 1069 1969 ἄρα
1090 1884 1148 1971 ῥη-

130 1995 188 2056 ταί
212 1994 276 2058 εἰσι
304 1988 446 2076 δυνάμει
473 1987 580 2076 μόνον
609 1985 803 2075 σύμμετροι·
835 1985 876 2054 τδι
899 1984 965 2073 ἄρα
987 1985 1054 2056 άπὸ
1077 1992 1148 2057 τῶν

131 2101 206 2181 ΑΓ,
230 2103 290 2164 ΓΒ
314 2095 397 2182 ῥητά
422 2094 569 2165 ἐστικαὶ
592 2092 762 2180 σύμμετρα
785 2092 956 2179 άλλήλοις·
982 2093 1148 2163 ὥστεκαὶ

130 2201 168 2271 τὸ
192 2207 410 2290 συγκείμενον
434 2203 560 2271 ἐκτῶν
583 2198 648 2268 άπὸ
671 2204 740 2269 τῶν
758 2207 834 2286 ΑΓ,
855 2205 919 2269 ΓΒ
942 2199 1148 2290 [σύμμετρόν

77 2332 111 2380 20
130 2311 200 2378 ἐστι
223 2322 292 2386 τοῖς
315 2305 381 2374 άπὸ
404 2311 473 2374 τῶν
496 2313 570 2392 ΑΓ,
595 2314 668 2375 ΓΒ·
697 2305 801 2393 ῥητὸν
824 2305 891 2392 ἄρα
914 2307 983 2375 ἐστὶ
1005 2304 1044 2375 τὸ
1069 2327 1149 2394 συγ·

129 2420 285 2502 κείμενον
309 2415 435 2480 ἐκτῶν
459 2410 524 2481 άπὸ
546 2424 613 2482 τῶν
637 2419 717 2499 ΑΓ,
746 2419 831 2498 ΓΒ].
875 2417 936 2483 καί
955 2415 1047 2482 ἐστιν
1071 2421 1148 2482 λσον

130 2525 175 2612 τῷ
196 2527 278 2586 AA·
302 2517 406 2605 ῥητὸν
430 2518 494 2605 ἄρα
518 2521 586 2587 ἐστὶ
609 2518 647 2588 τὸ
667 2527 745 2587 ΔΛ.
772 2520 828 2586 καὶ
851 2518 941 2603 παρὰ
960 2518 1067 2608 ῥητήν
1086 2519 1148 2607 τήν

132 2633 204 2694 ΔΕ
215 2624 422 2712 παράκειται·
445 2626 528 2714 ῥητή
552 2624 619 2713 άρα
641 2626 732 2694 ἐστὶν
755 2623 776 2711 ἡ
791 2635 825 2693 Δ
830 2633 875 2693 Μ
886 2626 942 2694 καὶ
961 2625 1149 2714 σύμμετρος

130 2736 170 2819 τῇ
195 2739 267 2799 ΔΒ
294 2731 399 2820 μήκει.
435 2733 552 2818 πάλιν,
585 2728 655 2801 ἐπεὶ
688 2735 726 2800 αλ
750 2738 831 2819 ΑΓ,
861 2737 925 2800 ΓΒ
953 2734 1056 2821 ῥηταί
1080 2738 1147 2802 εἰσι

78 2859 113 2910 25
133 2838 276 2926 δυνάμει
298 2837 406 2926 μόνον
430 2838 622 2928 σύμμετροι,
646 2838 750 2926 μέσον
771 2836 838 2925 άρα
860 2840 930 2907 ἐστὶ
947 2837 986 2908 τὸ
1006 2838 1059 2919 δὶς
1082 2837 1148 2908 ὑπὸ

130 2949 199 3015 τῶν
222 2952 298 3032 ΑΓ,
321 2950 393 3031 ΓΒ,
415 2945 565 3013 τουτέστι
587 2941 625 3013 τὸ
648 2950 728 3012 ΜΖ.
764 2944 821 3012 καλ
844 2943 934 3033 παρὰ
957 2947 1063 3033 ῥητήν
1085 2946 1149 3033 τήν

131 3058 209 3119 ΜΛ
227 3052 433 3136 παράκειται·
462 3048 590 3137 ήητή”
568 3076 634 3137 αρα
656 3047 753 3117 καὶ
736 3076 757 3135 η
776 3056 821 3117 Μ
825 3056 861 3116 Η
875 3051 944 3118 ἐστι
965 3051 1021 3119 καὶ
1043 3048 1149 3140 άσάμ-

204 3196 1173 3296 51m1001rexvo'm.1RAA]A.eeorrB.Atos

132 3297 202 3336 corr
223 3278 361 3335 extdm.
383 3279 447 3334 lF.
521 3277 874 3366 1016Jmut.1nvq3m
896 3277 958 3333 lF.
1031 3266 1149 3355 ΔΘ]Θ

133 3350 285 3406 εοοετηλῑ
341 3351 392 3425 τῷ]
411 3367 481 3405 corr.
501 3367 535 3405 ex
553 3368 637 3406 vom
658 3351 722 3405 lF.
779 3356 820 3407 11.
840 3346 903 3406 ἔστί
936 3369 972 3406 m
987 3351 1048 3407 κδ’.
1106 3357 1147 3408 12.

131 3422 266 3549 κω
286 3422 355 3547 κ
372 3421 746 3563 ..AAAAAAA
754 3422 836 3547 Ab
861 3350 1019 3566 A.
982 3423 1152 3556 παι
