2474 3908
111 162 176 227 184
495 162 696 216 ΣΤΟΙΧΕΙΩΝ
715 160 742 218 ι’.

110 330 228 394 μετρος
249 308 289 392 τῇ
312 309 403 388 ΜΛ,
425 305 576 372 τουτέστι
598 308 639 393 τῇ
662 311 744 390 ΔΕ,
768 303 874 391 μήκει.
919 309 989 371 ἔστι
1009 303 1050 372 δὲ
1068 304 1126 372 καὶ

110 408 131 497 ἡ
151 418 228 479 MA
242 410 324 498 ῥητὴ
347 409 403 476 καὶ
425 413 466 498 τῇ
482 417 553 478 AE
564 411 661 497 μήκει
684 410 880 497 σύμμετρος·
914 407 1128 498 άσύμμετρος

111 515 176 604 ἄρα
199 515 291 583 ἐστὶν
319 511 340 601 ἡ
365 522 444 583 AM
463 527 503 606 τῇ
527 523 612 585 ΜΗ
630 517 744 605 μήκειζ
774 520 834 584 καί
853 519 918 583 εἰσι
942 517 1055 603 ῥηταί·
1095 521 1131 584 αἱ

113 628 206 706 ΔΜ,
229 627 312 688 ΜΗ
331 619 397 709 άρα
426 624 526 710 ῥηταί
545 627 610 690 εἰσι
634 621 776 708 δυνάμει
799 621 907 709 μόνον
929 621 1129 711 σύμμετροι·

76 729 150 799 οέκ
174 727 236 795 δύο
260 725 327 815 άρα
351 726 526 816 ὀνομάτων
550 728 639 796 ἐστὶν
662 726 683 814 ἡ
707 734 788 797 AH.

179 834 338 902 Δεικτέον
362 834 415 921 δή,
440 832 490 902 ὅτι
513 834 568 900 καὶ
591 833 714 920 πράτη.

175 935 263 1008 Ἐπεὶ
287 944 355 1009 τῶν
377 937 443 1006 άπὸ
465 943 534 1007 τῶν
552 944 627 1025 ΑΓ,
651 944 711 1007 ΓΒ
735 940 840 1026 μέσον
862 937 1038 1026 ἀνάλογόν
1060 942 1129 1009 ἐστι

110 1044 148 1113 τὸ
171 1043 237 1114 ὑπὸ
261 1051 328 1115 τῶν
346 1051 460 1131 ΑΓΒ,
484 1046 539 1113 καὶ
561 1056 629 1114 τῶν
648 1053 725 1131 ΔΘ,
745 1052 780 1113 Κ
786 1053 816 1112 A
827 1043 900 1133 ,άρα
923 1044 1028 1131 μέσον
1049 1044 1130 1115 άνά-

110 1153 215 1238 λογόν
243 1155 310 1221 ἐστι
337 1151 375 1220 τὸ
403 1155 483 1229 ΜΞ.
525 1157 615 1220 ἔστιν
643 1151 708 1235 ἄρα
737 1151 781 1231 ὡς
809 1149 847 1220 τὸ
876 1157 943 1219 ΔΘ
974 1150 1062 1237 πρὸς
1090 1154 1130 1221 τὸ

58 1283 92 1331 10
111 1260 193 1345 ΜΞ,
217 1256 324 1338 οὕτως
345 1257 382 1326 τὸ
404 1261 477 1336 ΜΞ
492 1256 576 1346 πρὸς
597 1256 635 1325 τὸ
655 1264 735 1344 ΚΛ,
757 1258 929 1326 τουτέστιν
948 1253 994 1338 ὡς
1013 1255 1037 1344 ἡ
1056 1265 1131 1326 ΔΚ

111 1364 195 1452 πρὸς
221 1362 284 1449 τὴν
307 1371 400 1449 ΜΝ,
427 1361 448 1451 ἡ
474 1370 553 1432 ΜΝ
578 1363 662 1452 πρὸς
689 1361 751 1451 τὴν
775 1370 865 1431 ΜΚ·
902 1365 940 1432 τὸ
966 1361 1034 1449 άρα
1063 1361 1129 1432 ὑπὸ

111 1473 179 1537 τῶν
202 1474 287 1554 ΔΚ,
311 1475 389 1536 ΚΜ
411 1478 486 1539 ἴσον
514 1471 583 1539 ἐστὶ
605 1475 651 1563 τῷ
676 1466 741 1537 άπὸ
764 1473 824 1556 τῆς
844 1475 932 1537 ΜΝ.
976 1470 1034 1537 καὶ
1059 1471 1129 1538 ἐπεὶ

112 1575 302 1663 σύμμετρόν
325 1578 394 1643 ἐστι
416 1577 454 1645 τὸ
478 1575 544 1645 άπὸ
567 1588 624 1663 τῆς
641 1585 674 1643 A
681 1581 713 1644 Γ
726 1580 771 1667 τῷ
796 1573 861 1643 άπὸ
880 1585 938 1661 τῆς
955 1579 1029 1659 ΓΒ,
1049 1575 1130 1662 σάμ-

112 1680 234 1769 μετρόν
258 1682 327 1749 ἐστι
349 1684 405 1750 καὶ
427 1681 465 1752 τὸ
489 1691 556 1751 ΔΘ
579 1686 624 1774 τῳ
648 1688 730 1749 ΚΛ·
764 1679 924 1750 ὥστεκαὶ
947 1677 968 1766 ἡ
993 1687 1069 1749 AK
1088 1685 1128 1769 τῇ

60 1814 93 1862 15
113 1794 195 1855 ΚΜ
212 1788 400 1879 σύμμετρός
429 1793 527 1858 ἐστιν.
572 1788 628 1856 καὶ
656 1789 725 1856 ἐπεὶ
748 1787 883 1875 μείζονά
906 1788 974 1854 ἐστι
997 1786 1037 1854 τὰ
1063 1785 1128 1855 ἀπὸ

111 1905 180 1964 τῶν
202 1900 278 1982 ΑΓ,
303 1901 363 1964 ΓΒ
387 1900 448 1964 τοῦ
471 1896 522 1976 δὶς
544 1893 611 1964 ὑπὸ
633 1898 701 1963 τάν
723 1900 798 1981 ΑΓ,
821 1901 898 1980 ΓΒ,
926 1900 1038 1981 μεῖζον
1063 1893 1130 1979 ἄρα

112 2002 167 2070 καὶ
185 2000 223 2070 τὸ
240 2010 308 2070 ΔΛ
326 2007 388 2071 τοῦ
405 2008 490 2070 ΜΖ·
515 2000 599 2070 ὥστε
622 2001 677 2068 καὶ
696 1998 717 2087 ἡ
737 2008 820 2069 AM
832 2004 892 2087 τῆς
910 2007 994 2070 ΜΗ
1007 2006 1130 2087 μείζων

113 2111 212 2177 ἐστίν.
256 2114 316 2176 καί
336 2111 426 2176 ἐστιν
451 2115 525 2174 λ’σον
549 2105 586 2175 τὸ
609 2104 676 2175 ὑπὸ
699 2118 767 2174 τῶν
786 2112 869 2193 ΛΚ,
891 2112 970 2175 ΚΜ
990 2109 1037 2198 τῷ
1062 2104 1130 2176 άπὸ

112 2219 169 2301 τῆς
192 2222 280 2300 ΜΝ,
304 2216 452 2282 τουτέστι
476 2217 521 2304 τῷ
543 2212 687 2302 τετάρτῳ
710 2216 772 2280 τοῦ
795 2211 860 2280 άπὸ
884 2216 943 2298 τῆς
960 2218 1051 2298 ΜΗ,
1072 2213 1129 2281 καὶ

59 2345 93 2393 20
113 2316 332 2407 σάμμετροςὴ
349 2323 421 2384 ΔΚ
432 2321 472 2405 τῇ
488 2325 575 2385 ΚΜ.
609 2316 669 2385 ἐάν
683 2317 721 2385 δὲ
740 2309 803 2385 άσι
822 2316 885 2386 δύο
905 2315 1035 2386 εὐθεῖαι
1056 2317 1130 2387 άνι-

112 2444 181 2511 σοι,
210 2429 255 2515 τῷ
275 2423 312 2492 δὲ
329 2425 473 2514 τετάρτῳ
492 2426 584 2510 μέρει
603 2427 665 2493 τοῦ
686 2421 751 2491 άπὸ
770 2428 829 2510 τῆς
847 2422 1029 2503 ἐλάσσονος
1052 2433 1130 2494 ἴσον

111 2533 200 2614 παρὰ
218 2530 278 2615 τὴν
297 2533 431 2614 μείζονα
444 2534 644 2618 παραβληθῇ
661 2531 813 2597 ἐλλεῖπον
828 2531 910 2596 εἴδει
928 2529 1129 2622 τετραγώνῳ

110 2635 165 2703 καὶ
184 2638 231 2713 εἰς
249 2632 418 2720 σύμμετρα
437 2631 543 2721 αὐτὴν
559 2639 683 2724 διαιρῇ,
703 2633 723 2722 η
739 2640 859 2721 μείζων
873 2638 931 2721 τῆς
946 2635 1131 2716 ἐλάσσονος

111 2746 222 2828 μεῖζον
245 2739 385 2809 δύναται
408 2746 453 2832 τῷ
478 2739 542 2810 άπὸ
563 2743 753 2829 συμμέτρου
777 2741 892 2829 ἑαυτῇ·
919 2738 940 2827 ἡ
965 2748 1050 2810 AM
1060 2741 1127 2831 ἄρα

58 2873 93 2922 25
111 2852 169 2935 τῆς
196 2854 282 2916 ΜΗ
306 2854 418 2935 μεῖζον
453 2847 593 2916 δυ’νατυι
626 2852 671 2940 τῷ
701 2844 766 2914 άπὸ
796 2849 986 2936 συμμέτρου
1017 2848 1131 2937 ἑαυτῇ.

110 2962 170 3024 καί
191 2961 256 3025 εἰσι
280 2955 377 3042 ῥηταὶ
401 2958 438 3022 αἱ
456 2962 543 3041 ΔΜ,
564 2961 653 3040 ΜΗ,
672 2953 728 3021 καὶ
747 2950 767 3040 ἡ
783 2960 866 3021 AM
884 2960 996 3041 μεῖζον
1020 2952 1131 3042 ὄνομα

112 3055 198 3132 οὖσα
222 3060 410 3149 σύμμετρός
433 3064 501 3130 ἐστι
523 3088 562 3150 τη
583 3061 752 3148 ἐκκειμένῳ
775 3061 858 3147 ῥητῇ
876 3062 916 3148 τῇ
935 3067 1006 3128 ΔΕ
1023 3060 1130 3148 μήκει.

0 3210 48 3299 ἲ,
186 3228 209 3275 1.
229 3220 310 3291 ΜΛ]
332 3225 398 3275 ΛΜ
414 3221 444 3274 in
462 3237 514 3275 ras.
534 3219 566 3273 V.
641 3218 716 3275 ἔστιν
737 3218 795 3275 ΡΒ.
869 3225 893 3273 Β.
914 3221 990 3289 ΔΜ]
1015 3224 1080 3274 ΜΔ
1098 3222 1129 3276 Ρ.

1 3303 9 3324 ⁵
149 3294 202 3344 καί
227 3289 300 3362 εἰσι]
331 3309 346 3346 e
370 3308 438 3346 corr.
461 3290 495 3343 V.
573 3289 643 3344 εἰσιν
666 3291 697 3344 Β.
770 3296 796 3346 4.
824 3293 899 3357 AM,
918 3294 987 3344 ΜΗ
1011 3286 1087 3365 ἄρα]
1114 3308 1131 3347 ο

114 3379 183 3418 corr.
202 3361 237 3416 V.
312 3365 336 3417 ὅ.
356 3357 428 3430 ἄρα]
448 3375 601 3428 suprascr.
621 3360 651 3427 F,
671 3361 771 3417 om.P.
845 3367 868 3415 7.
888 3360 958 3415 Post
981 3356 1050 3416 ἐπεί
1063 3362 1129 3417 add.

113 3433 166 3503 γάρ
189 3431 280 3502 BVb,
308 3432 330 3485 F
353 3450 390 3484 m.
414 3436 439 3483 2.
517 3435 540 3483 8.
566 3434 630 3498 ΑΓ,
651 3435 700 3485 ΓΒ
724 3450 761 3488 m.
786 3437 801 3486 2
826 3430 859 3486 V.
939 3437 980 3487 10.
1004 3433 1079 3503 ΔΚ]
1105 3436 1133 3488 Κ

112 3503 143 3559 in
163 3520 218 3560 ras.
237 3502 272 3556 V.
346 3507 387 3556 13.
407 3500 475 3572 ΓΒ]
499 3504 554 3554 ΒΓ
574 3500 674 3557 iuras.
694 3503 726 3558 V.
803 3508 844 3557 15.
868 3504 934 3556 ΚΜ
955 3499 1039 3572 μήκει
1061 3499 1130 3574 σάμ-
1183 3558 1187 3565 ,
