2474 3908
160 162 226 227 386
575 162 764 214 APPENDm

159 303 366 391 άσύμμετροί
378 307 442 370 εἰσι
457 313 496 390 τῇ
516 303 611 390 μέσή,
635 301 778 388 δυνάμει
796 301 834 369 δὲ
852 301 960 388 μόνον
979 301 1183 390 σύμμετροι,

159 411 215 478 καὶ
239 412 392 496 λέγονται
414 408 515 476 πάλιν
538 409 635 495 μέσαι
659 405 776 475 διὰτὸ
800 407 982 494 σύμμετροι
1007 405 1102 476 εἶναι
1127 413 1183 477 δυ-

159 517 258 604 νάμει
289 527 328 605 τῇ
361 517 444 603 μέσῃ
477 515 533 582 καὶ
561 513 743 601 σύμμετροι
774 512 858 600 πρὸς
889 512 1053 602 άλλήλας,
1087 520 1181 584 καθδ

160 625 268 709 μέσαι,
287 619 371 689 άλλδι
386 621 568 708 σύμμετροι
586 619 669 709 πρὸς
685 619 831 708 ἀλλήλας
844 619 920 708 ήτοι
933 623 1031 709 μήκει
1046 620 1182 708 δηλαδή

125 752 141 800 5
160 730 215 796 καὶ
239 732 379 816 δυνάμει
402 724 423 815 ή
448 728 589 815 δυνάμει
611 730 728 815 μόνον.
773 729 830 795 καὶ
853 732 884 796 εἰ
904 727 966 815 μὲν
989 727 1110 814 μήκει,
1134 730 1183 796 λέ·

160 861 276 922 γονται
295 835 350 902 καὶ
369 826 467 902 αὗται
485 835 582 920 μέσαι
600 834 697 921 μήκει
716 834 897 921 σύμμετροι
915 834 1089 919 ἑπομένου
1108 839 1183 920 τοῦ,

160 940 211 1010 ὅτι
234 943 289 1009 καλ
313 943 466 1027 δυνάμει
491 944 522 1006 εἰ
543 938 581 1006 δὲ
604 938 746 1026 δυνάμει
768 938 877 1027 μόνον
895 941 959 1008 εἰσὶ
978 938 1181 1027 σύμμετροι,

160 1050 314 1135 λέγονται
337 1047 392 1114 καὶ
416 1044 524 1125 οὕτως
550 1047 648 1132 μέσαι
675 1044 818 1133 δυνάμει
844 1045 952 1132 μόνον
981 1045 1180 1136 σύμμετροι.

219 1153 289 1221 Ὅτι
312 1155 350 1221 δέ
373 1156 410 1221 αλ
431 1154 528 1240 μέσαι
552 1152 737 1239 σύμμετροί
757 1156 858 1238 εἰσιν,
885 1150 990 1231 οὕτως
1014 1154 1179 1221 δεικτέον.

109 1283 141 1332 10
161 1261 230 1329 ἐπεὶ
258 1263 296 1328 αλ
320 1262 418 1347 μέσαι
445 1261 528 1348 μέσῃ
556 1259 623 1326 τινὶ
650 1259 837 1347 σύμμετροί
861 1263 961 1345 εἰσιν,
994 1257 1036 1326 τά
1065 1258 1108 1327 δέ
1135 1264 1182 1350 τῷ

161 1364 249 1458 αὐτῷ
279 1367 449 1454 σύμμετρα
475 1366 531 1432 καὶ
559 1364 715 1451 άλλήλοις
743 1366 812 1432 ἐστὶ
836 1365 1022 1451 σύμμετρα,
1050 1368 1092 1433 αλ
1114 1364 1183 1454 ἄρα

160 1475 258 1559 μέσαι
281 1473 466 1560 σύμμετροί
486 1477 580 1539 εἰσιν.

472 1809 524 1874 Ad
546 1809 619 1874 libr.
641 1703 682 1872 δέ.
695 1831 786 1894 prop.
809 1809 862 1874 27.

593 1937 741 2017 Λῆμμα·

227 2073 303 2141 Δύο
336 2071 493 2159 άριθμῶν
526 2073 699 2140 δοθέντων
733 2075 769 2140 έν
797 2072 886 2163 λόγω
915 2071 1090 2163 ὁποιῳοῦν
1125 2077 1182 2144 καλ

109 2203 142 2252 15
161 2180 265 2248 άλλου
292 2180 385 2258 τινὸς
412 2180 491 2246 δέον
513 2181 651 2264 ποιήσαι
679 2177 724 2257 ὥς
746 2176 807 2246 τὸν
831 2175 980 2266 ἀριθμὸν
1006 2180 1097 2267 πρὸς
1120 2181 1184 2251 τὸν

161 2285 313 2375 άριθμδν
338 2286 444 2366 οὕτως
465 2288 586 2354 τοῦτον
609 2284 691 2371 πρὸς
713 2283 818 2353 ἄλλον
840 2271 926 2353 άινά.

216 2391 391 2461 Ἔστωσαν
420 2394 455 2460 ολ
485 2393 644 2470 δοθέντες
676 2391 739 2460 δύο
772 2388 914 2479 άριθμοὶ
944 2395 979 2460 ολ
1005 2399 1091 2480 ΑΒ,
1116 2401 1184 2462 ΓΔ

161 2498 264 2585 λόγον
287 2504 418 2585 ἔχοντες
439 2496 524 2583 πρὸς
547 2495 712 2583 άλλήλους
732 2495 924 2586 ὁποιονοῦν,
947 2495 1048 2577 άλλος
1069 2502 1114 2568 δέ
1130 2526 1183 2582 τις

162 2603 180 2673 ὁ
205 2610 275 2671 ΓΕ.
322 2607 375 2670 δεῖ
395 2607 532 2689 ποιήσαι
554 2602 592 2671 τδ
615 2609 847 2690 προκείμενον.

107 2735 142 2783 20
225 2706 487 2796 Ἀναγεγράφθω
511 2707 574 2796 γάρ
598 2707 663 2777 ὑπὸ
683 2714 751 2778 τῶν
776 2715 857 2795 ΔΓ,
879 2715 945 2776 ΓΕ
965 2713 1184 2799 παραλληλό-

161 2842 315 2904 γραμμον
339 2813 552 2902 ὀρθογώνιον
575 2814 613 2884 τὸ
638 2823 719 2904 ΔΕ,
746 2816 870 2907 καὶτῷ
895 2823 964 2883 ΔΕ
985 2823 1062 2883 ἴσον
1087 2820 1183 2903 παρὰ

160 2923 221 2992 τὸν
254 2930 319 2991 ΑΒ
356 2920 624 3008 παραβεβλήσθω
656 2921 1003 3008 παραλληλόγραμμον
1039 2919 1079 2989 τὸ
1116 2931 1183 2991 ΒΖ

160 3031 284 3109 πλάτος
307 3032 428 3097 ποιοῦν
451 3027 514 3113 τήν
537 3034 611 3097 ΑΖ.
657 3028 727 3096 ἐπεὶ
755 3021 819 3096 οὖν
848 3036 923 3097 ἴσον
951 3027 1020 3094 ἐστὶ
1042 3026 1083 3096 τὸ
1111 3039 1186 3099 ΔΕ

233 3249 257 3296 9.
276 3244 345 3296 Post
364 3241 457 3306 δεῖξαι
475 3259 501 3310 p.
523 3245 565 3308 78,
586 3246 618 3296 13
638 3241 670 3295 V.

234 3443 258 3491 1.
278 3435 349 3491 εἰσιν
369 3437 399 3492 Ρ.
474 3439 498 3488 9.
524 3432 568 3490 ὅτι
587 3467 619 3476 -
642 3442 683 3492 12.
708 3435 797 3508 εἰσιν]
822 3438 908 3492 etiam
930 3436 961 3492 in
979 3455 1036 3508 mg.
1057 3455 1122 3510 sup.
1144 3461 1181 3496 m.

160 3525 214 3564 ree.
235 3508 266 3562 B.
341 3514 382 3562 10.
403 3504 456 3560 εἰσι
475 3503 535 3562 BV.
611 3514 643 3563 13
662 3508 768 3580 λήμμα]
788 3526 825 3562 m.
845 3514 860 3562 λ
881 3508 914 3566 V.
