2474 3908
157 155 224 221 300
374 154 378 161 ’
545 157 746 209 ΣΤΟΙΧΕΙΩΝ
765 151 792 209 ι’.

158 299 390 384 ῥητοῦμέσον
413 299 450 366 τὸ
480 296 561 366 ὅλον
589 301 746 365 ποιοῦσα·
787 298 842 364 καὶ
872 295 1014 364 δύναται
1042 294 1081 362 τὸ
1114 301 1184 362 ΑΒ

157 411 293 491 χωρίον.

220 509 266 577 Ἡ
279 509 317 578 τὸ
337 517 403 577 ΑΒ
428 508 492 596 ὅρα
511 516 637 597 χωρίον
657 512 827 596 δυναμένη
848 509 927 596 μετὰ
948 511 1053 595 ῥητοῦ
1073 511 1186 596 μέσον

158 616 196 685 τὸ
221 615 304 684 ὅλον
327 617 473 685 ποιοῦσά
499 619 602 685 ἐστιν·
627 616 707 704 ὅπερ
732 621 800 684 ἔδει
824 619 937 698 δεῖξαι.

122 857 138 906 ε
638 829 699 900 (ις’.

223 949 310 1021 Ἐὰν
334 959 480 1041 χωρίον
504 955 733 1040 περιέχηται
756 950 830 1021 ὑπὸ
857 955 976 1040 ῥητῆς
999 952 1065 1018 καί
1084 950 1189 1021 ἄπο--

159 1063 280 1145 τομῆς
299 1060 425 1145 ἕκτης,
449 1057 469 1146 ῆ
489 1058 530 1127 τὸ
550 1064 698 1146 χωρίον
718 1060 919 1144 δυναμένη
940 1055 1035 1144 μετὰ
1054 1061 1185 1144 μέσου

159 1167 286 1251 μέσον
304 1164 347 1234 τὸ
371 1164 466 1234 ὅλον
490 1165 662 1234 ποιοῦσα
687 1168 804 1233 ἐστιν.

227 1278 363 1359 Χωρίον
382 1271 447 1359 γὰρ
465 1271 504 1340 τὸ
520 1279 584 1339 AB
603 1272 808 1360 περιεχέσθω
828 1267 894 1338 ὑπὸ
914 1271 1014 1356 ῥητῆς
1037 1272 1099 1355 τῆς
1115 1277 1192 1338 ΑΓ

108 1406 140 1456 10
159 1378 214 1444 καὶ
242 1374 412 1464 ἀποτομῆς
440 1379 534 1463 ἕκτης
560 1383 619 1464 τῆς
647 1386 733 1445 ΑΛ·
779 1377 881 1462 λέγω,
914 1374 965 1444 ὅτι
993 1373 1013 1462 ῆ
1043 1373 1081 1444 τὸ
1114 1384 1181 1444 ΑΒ

160 1489 286 1569 χωρίον
302 1485 473 1570 δυναμένη
490 1482 539 1570 [ῆ]
554 1484 634 1570 μετὰ
649 1485 753 1570 μέσου
765 1484 868 1570 μέσον
882 1480 920 1550 τὸ
937 1479 1018 1550 ὅλον
1033 1485 1185 1551 ποιοῦσά

160 1590 259 1656 ἐστιν.

218 1693 326 1762 ’Ἐστω
350 1692 415 1780 γὰρ
439 1698 478 1782 τῆ
501 1702 573 1761 ΑΛ
596 1693 875 1782 προσαρμόζουσα
898 1692 918 1780 ῆ
945 1700 1030 1761 ΛΗ·
1055 1698 1094 1762 αί
1116 1694 1182 1782 ὅρα

161 1808 248 1886 ΑΗ,
271 1807 343 1867 ΗΛ
371 1802 473 1887 ῥηταί
493 1804 557 1869 είσι
585 1802 726 1887 δυνάμει
754 1801 862 1887 μόνον
891 1799 1091 1888 σύμμετροι,
1124 1807 1181 1871 καλ

108 1935 141 1984 15
161 1908 322 1995 οὐδετέρα
345 1905 458 1977 αὐτων
482 1906 669 1994 σύμμετρός
693 1910 762 1976 ἐστι
784 1912 824 1996 τῆ
844 1908 1014 1996 ἑκκειμένη
1035 1910 1120 1997 ῥητῆ
1140 1914 1182 1998 τῆ

160 2021 231 2083 ΑΓ
249 2016 360 2102 μήκει,
389 2013 410 2101 ῆ
435 2015 473 2083 δὲ
496 2012 557 2101 ὅλη
582 2013 601 2101 ῆ
626 2021 702 2081 ΑΗ
720 2017 778 2101 τῆς
800 2012 1100 2101 προσαρμοζούσης
1123 2020 1183 2102 τῆς

162 2128 240 2189 ΛΗ
257 2129 370 2209 μεῖζον
394 2121 537 2190 δύναται
555 2124 601 2213 τῷ
620 2118 685 2189 ἀπὸ
709 2119 925 2207 ἀσυμμέτρου
949 2121 1049 2209 έαυτῆ
1073 2120 1182 2208 μήκει.

162 2229 231 2296 ἐπεὶ
250 2221 314 2297 οὖν
333 2226 444 2314 ῆΑΗ
463 2231 521 2314 τῆς
535 2235 607 2294 ΗΛ
626 2233 737 2314 μεῖζον
757 2225 901 2294 δύναται
923 2236 968 2318 τῷ
988 2224 1053 2295 ἀπὸ
1074 2224 1182 2314 ἀσυμ-

161 2337 285 2424 μέτρου
313 2335 414 2421 ἑαυτῆ
442 2333 555 2421 μήκει,
589 2333 649 2402 ἐὰν
676 2335 741 2420 ἄρα
765 2336 811 2423 τῷ
835 2332 978 2422 τετάρτω
1002 2320 1095 2420 μέρει
1119 2338 1184 2402 τοῦ

107 2469 142 2518 2⁰
161 2440 226 2509 ἀπὸ
246 2444 304 2528 τῆς
324 2446 401 2507 ΛΗ
420 2448 496 2509 ίσον
520 2440 608 2528 παρὰ
631 2439 693 2527 τῆν
712 2445 789 2508 ΑΗ
802 2443 1006 2528 παραβληθῇ
1026 2442 1184 2508 ἐλλεῖπον

162 2551 245 2614 είδει
258 2546 464 2637 τετραγώνῳ,
479 2551 526 2627 είς
540 2545 734 2633 ἀσύμμετρα
748 2542 854 2632 αὐτῆν
869 2550 980 2614 διελεῖ.
1003 2545 1184 2633 τετμήσθω

162 2643 226 2718 οὖν
245 2647 266 2736 ῆ
286 2657 364 2718 ΛΗ
383 2655 459 2736 δίχα
477 2653 561 2718 κατὰ
579 2650 616 2718 τὸ
636 2657 668 2717 E
687 2655 866 2737 [σημείου],
889 2651 945 2718 καὶ
968 2654 1014 2743 τῷ
1037 2649 1105 2720 ἀπὸ
1124 2664 1187 2740 τῆς

162 2763 236 2824 ΕΗ
255 2766 331 2825 ίσον
350 2756 439 2844 παρὰ
458 2756 521 2844 τῆν
539 2763 616 2823 ΑΗ
633 2756 901 2843 παραβεβλήσθω
926 2760 1078 2827 ἐλλεῖπον
1098 2764 1185 2828 είδει

234 3016 259 3065 3.
283 3005 340 3081 ἄρα
363 3004 394 3064 τὸ
418 3013 468 3062 AB
492 3006 526 3062 V.
604 3003 679 3079 ἄρα]
702 3023 756 3062 om.
780 3006 844 3073 ΡΒ,
872 3006 999 3061 m.2F.
1077 3009 1185 3076 χωρίον

162 3077 219 3150 ἄρα
238 3080 270 3135 Β.
347 3086 372 3134 4.
398 3074 469 3147 ὅπερ
494 3076 553 3134 ἔδει
576 3079 685 3149 δεῖξαι]
710 3094 798 3146 comp.
822 3075 858 3147 P,
882 3094 936 3132 om.
962 3075 1076 3132 BFVb.
1158 3087 1184 3135 6.

163 3147 214 3239 ὑπ’
228 3152 258 3206 Ρ.
314 3156 338 3205 8.
360 3147 418 3240 ἔσται
434 3149 668 3221 BV,comp.Fb.
725 3155 750 3203 9.
769 3148 832 3238 AB]
852 3148 978 3271 ABP}
1036 3153 1077 3203 10.
1099 3147 1186 3220 ὅκτης

162 3222 381 3363 λέλλὶιλῖ
400 3239 548 3347 ῑίλὲίλ
560 3220 665 3345 1³⁰5}
684 3224 793 3362 αλλ]
810 3218 957 3353 λλίλο,
972 3219 1184 3359 ὅθιιιῗλ

163 3362 275 3418 corr.F.
332 3368 373 3418 16.
393 3362 454 3432 τῆς]
471 3363 542 3450 galis.)
562 3362 608 3431 τῆι
622 3363 652 3416 F.
709 3368 750 3416 17.
771 3360 927 3431 συμμέτρου
943 3361 974 3416 P.
1030 3356 1136 3418 ἑαυτοῦ
1152 3364 1185 3420 F.

200 3439 243 3490 18.
259 3431 326 3487 έπεί
336 3465 371 3474 -
388 3440 429 3490 19.
444 3434 540 3505 μηκει]
559 3450 616 3503 mg.
631 3450 668 3488 m.
684 3437 699 3486 λ
714 3433 746 3488 Β.
800 3438 841 3487 19.
862 3429 964 3501 ἑαυτῆς
979 3433 1010 3501 Β,
1031 3430 1137 3489 ἑαυτοῦ
1152 3435 1184 3489 F.

198 3506 267 3576 τοῦ]
292 3507 330 3579 τῷ
356 3505 383 3558 b.
456 3511 500 3559 20.
520 3505 592 3576 ΑΗ]
617 3509 678 3558 ΛΗ
694 3503 726 3558 Β.
799 3499 1011 3576 παραβάλωμεν
1031 3504 1066 3573 Β,
1090 3524 1185 3578 παρα-
