2474 3908
392 167 666 219 mnnmnnoaun
683 168 792 218 urana
810 168 844 219 x,
1059 163 1122 228 137

397 309 663 378 Definitiones
688 310 844 376 alterae.
863 274 869 283 ἡ

179 435 207 498 1.
232 434 403 518 Proposita
422 439 511 500 recta
529 434 683 499 rationali
707 439 740 499 et
758 437 848 499 recta
867 455 906 498 ex
925 433 1050 498 duobus
1068 456 1124 499 no-

106 541 253 607 minibus
273 541 308 605 in
321 540 454 605 nomina
473 541 586 624 diuisa,
607 541 697 606 cuins
716 562 836 605 nomen
855 541 961 606 maius
977 541 1125 624 potentia

106 647 217 712 minus
248 647 373 712 excedit
401 647 558 732 quadrato
586 651 694 712 rectae
722 647 786 711 sibi
810 646 1016 731 longitudine
1040 670 1124 714 com·

108 753 349 838 mensurabilis,
368 753 397 818 si
415 754 521 819 maius
540 775 659 819 nomen
676 753 834 818 rationali
852 754 1038 838 propositae
1058 756 1125 819 lon-

110 861 256 945 gitudine
285 860 578 926 commensurabile
608 865 670 944 est,
697 864 832 925 uocetur
860 882 899 924 ex
922 860 1047 926 dnobus
1070 885 1125 927 no-

107 967 253 1033 minibus
275 967 391 1052 prima.
508 964 512 971 ’

179 1076 210 1139 2.
227 1071 284 1138 Sin
299 1073 405 1139 minus
420 1095 539 1138 nomen
553 1073 706 1139 rationali
721 1074 907 1157 propositae
921 1072 1125 1157 longitudine
1154 1084 1156 1088 ‘

110 1179 399 1246 commensurabile
424 1184 482 1264 est,
504 1186 638 1245 uocetur
662 1201 700 1244 ex
724 1179 849 1244 duobus
868 1178 1054 1243 nominibus
1080 1202 1126 1244 se-

109 1286 222 1352 cunda.

178 1392 207 1456 3.
237 1389 293 1456 Sin
316 1397 467 1458 neutrum
491 1415 610 1458 nomen
638 1392 789 1457 rationali
811 1391 997 1477 propositae
1021 1393 1123 1478 longi-

107 1498 220 1562 tudine
236 1499 525 1565 commensurabile
540 1503 599 1583 est,
612 1501 747 1564 uocetur
756 1520 794 1564 ex
804 1497 929 1563 duobus
938 1500 1125 1565 nominibus

106 1605 215 1668 tertia.

177 1711 208 1774 4.
227 1708 352 1774 Rursus
370 1711 398 1774 si
413 1712 516 1776 maius
531 1733 650 1776 nomen
664 1711 813 1797 potentia
827 1710 950 1776 excedit
965 1713 1123 1795 quadrato

108 1821 217 1882 rectae
247 1817 311 1881 sibi
342 1817 546 1901 longitudine
574 1817 926 1902 incommensurabilis,
959 1820 986 1883 si
1018 1820 1123 1884 maius

107 1945 228 1988 nomen
245 1923 399 1988 rationali
413 1923 601 2008 propositae
615 1924 817 2009 longitudine
832 1926 1123 1990 commensurabiles

107 2032 168 2113 cst,
191 2033 327 2095 uocetur
349 2051 389 2094 ex
411 2029 537 2096 duobus
560 2030 747 2095 nominibus
771 2033 896 2115 quarta.

176 2135 206 2201 5.
230 2134 288 2201 Sin
311 2136 417 2201 minus
442 2136 731 2201 commensurabile
756 2139 813 2221 est,
837 2136 958 2220 quinta.

176 2243 205 2308 6.
229 2239 287 2307 sin
309 2246 468 2328 neutrum,
492 2247 589 2308 sexta.

543 2419 693 2486 XLVIII.

176 2543 327 2609 Inuenire
349 2549 472 2610 rectam
496 2567 535 2609 ex
559 2545 684 2610 duobus
708 2545 893 2611 nominibus
917 2546 1065 2630 primam.

174 2649 391 2735 Exponantur
424 2651 487 2717 duo
515 2652 643 2716 numeri
669 2653 748 2730 ΑΓ,
771 2654 832 2716 ΓΒ
861 2653 929 2716 eius
957 2653 1058 2737 modI‚
1087 2656 1124 2718 ut

108 2761 177 2823 AB
194 2781 202 2821 :
217 2760 284 2823 ΒΓ
302 2757 463 2822 rationem
486 2756 620 2838 habeat,
650 2779 747 2841 quam
771 2779 924 2822 numerus
949 2759 1124 2842 quadratus

108 2863 344 2935 adnumerum
369 2863 573 2947 quadratum,
595 2867 661 2928 AB
685 2868 793 2928 autem
817 2863 857 2927 ad
875 2867 941 2927 ΓΑ
963 2865 1124 2929 rationem

107 2992 177 3037 non
203 2971 340 3049 habeat,
373 2991 469 3054 quam
500 2991 652 3035 numerus
681 2970 858 3053 quadratus
887 2969 927 3034 ad
954 2992 1124 3035 numerum

107 3076 304 3162 quadratum
325 3079 428 3160 [prop.
447 3074 591 3141 XXVIII
610 3076 754 3156 lemma]‚
775 3079 808 3140 et
826 3079 1007 3160 exponatur
1025 3076 1122 3141 ratio·

146 3239 171 3290 8.
191 3229 362 3320 pq'ustlom.
381 3234 415 3289 V.
489 3239 512 3288 9.
534 3228 602 3303 ῥητῇ
622 3227 706 3302 μήκει
725 3232 758 3288 V.
825 3228 912 3305 ἡῦλη
933 3230 1013 3290 lull.
1083 3243 1125 3290 14.

109 3305 162 3360 τοῦ
177 3301 344 3431 blascones}
359 3324 395 3360 m.
411 3311 427 3359 2
442 3304 472 3373 P,
492 3305 542 3364 τοῦ
558 3300 706 3367 ἐλάττονος
719 3304 753 3359 V.
810 3310 851 3360 15.
871 3304 1029 3377 συμμέτρου
1044 3305 1124 3373 Bab,

108 3392 180 3432 corr.
196 3393 232 3433 m.
247 3382 272 3431 2.
345 3376 429 3448 αυτῇ]
450 3374 677 3446 suprascrnb.
734 3382 776 3431 16.
796 3370 899 3449 ὄνομα]
920 3394 973 3432 om.
994 3377 1026 3432 V.
1083 3384 1124 3431 19.

113 3447 178 3516 Seq.
199 3447 295 3514 schol,
314 3465 340 3500 n.
360 3464 425 3516 app.
499 3453 542 3502 20.
562 3443 615 3517 pd'
636 3447 666 3501 F.
740 3453 782 3503 23.
801 3445 981 3520 cdv]<(prius)
1004 3464 1071 3502 corr.
1092 3464 1126 3502 ex

105 3519 164 3573 τῶν
182 3516 216 3571 V.
289 3522 333 3572 25.
354 3520 417 3590 ΓΑ]
436 3535 489 3573 ras.
509 3517 543 3573 V.
