2474 3908
364 181 638 235 unmmuroauu
655 183 764 234 amna
781 185 814 235 x.
1029 181 1094 248 287

79 324 306 410 prehenditur,
338 329 428 389 recta
460 325 568 409 spatio
601 325 747 410 aequalis
780 326 939 409 quadrata
971 327 1096 391 mediae

83 434 234 516 apotome
259 432 310 495 est
333 430 481 501 secunda.

149 535 297 621 Spatium
321 536 407 600 enim
425 540 491 601 AB
515 540 605 601 reeta
627 537 781 602 rationali
801 540 870 601 ΑΓ
891 540 924 601 et
943 543 1096 622 apotome

82 644 182 707 tertia
205 646 275 706 ΑΔ
298 641 599 725 comprehendatur.
646 643 731 722 dico,
754 647 877 708 rectam
901 644 1006 726 spatio
1031 649 1096 710 AB

81 749 250 834 aequalem
271 747 463 832 quadratam
486 749 610 813 mediae
629 753 804 833 apotomen
823 771 894 815 esse
914 752 1096 816 secundam.

148 877 225 919 nam
250 858 282 920 Δ
288 857 328 917 Η
345 858 454 919 rectae
477 860 509 918 Α
516 860 549 918 Δ
576 875 758 940 congruens
787 857 839 920 sit.
885 858 994 940 itaque
1018 861 1095 940 ΑΗ,

78 965 119 1038 H
120 966 154 1025 A
172 960 353 1026 rationales
372 964 449 1025 sunt
465 962 615 1045 potentia
633 965 762 1027 tantum
781 963 1097 1047 commensurabiles,

106 1106 128 1154 .
288 1071 1097 1260 AM&aduersitate

564 1281 710 1367 gitudine
725 1281 1027 1346 commensurabilis
1037 1284 1097 1364 est,

285 1390 307 1437 Β
379 1385 404 1439 Θ
440 1391 458 1438 1
501 1353 530 1403 K
563 1392 635 1453 tota
650 1391 757 1453 autem
774 1391 851 1452 ΑΗ
864 1390 1097 1472 congruentem

318 1510 343 1564 N
415 1501 437 1558 0
562 1499 641 1559 ΔΗ
659 1493 783 1560 excedit
807 1494 965 1577 quadrato
989 1496 1097 1558 rectae

175 1568 419 1755 Γῇ
562 1602 626 1666 sibi
663 1600 967 1667 commensurabilis
1006 1599 1096 1680 [deff.

267 1695 319 1749 fff
561 1711 635 1773 tert.
650 1708 694 1788 3].
723 1706 877 1790 quoniam
892 1705 994 1790 igitur
1008 1711 1040 1769 A
1045 1710 1082 1769 H
1085 1703 1098 1740 2

90 1351 115 1402 Γ

136 1509 173 1573 ι11

140 1734 167 1785 Σ

563 1812 687 1903 excedit
702 1809 792 1875 AH²
811 1811 969 1896 quadrato
988 1816 1097 1877 rectas

564 1915 1097 2000 sibicommensu1·abilis‚si}AH²

335 1992 361 2040 T
426 2018 460 2072 Μ
564 2023 698 2106 aequale
713 2027 820 2088 rectae
833 2026 905 2086 ΑΗ
916 2022 1097 2104 adplicatur

81 2135 224 2218 spatium
251 2134 357 2218 figura
380 2131 538 2215 quadrata
561 2130 725 2213 deficiens,
747 2130 782 2193 in
804 2132 914 2212 partes
937 2149 1097 2193 commen-

84 2239 244 2305 surabiles
269 2260 341 2303 eam
366 2236 490 2302 diuidet
518 2238 626 2321 [prop.
650 2234 775 2315 XVII}
820 2234 887 2299 iam
910 2238 988 2298 AH
1010 2235 1043 2298 in
1068 2239 1100 2298 Ε

82 2345 118 2408 in
150 2343 230 2410 duas
257 2347 368 2430 partes
397 2344 548 2428 aequales
582 2346 720 2426 secetur,
754 2344 788 2406 et
819 2340 977 2425 quadrato
1011 2339 1097 2406 ΕΗ2

83 2452 218 2536 aequale
237 2456 345 2517 rectae
363 2455 440 2516 ΑΗ
454 2450 635 2536 adplicetur
653 2449 795 2534 spatium
814 2449 920 2532 figura
938 2448 1097 2533 quadrata

81 2557 245 2642 deficiens,
274 2562 307 2623 et
329 2558 373 2623 sit
395 2561 461 2622 ΑΖ
477 2571 520 2625 ><
535 2560 611 2622 ZH.
656 2559 689 2621 et
711 2577 769 2641 per
790 2560 912 2641 puncta
936 2557 976 2637 Ε,
1000 2559 1039 2637 Ζ,
1062 2558 1103 2618 Η

80 2667 187 2728 rectae
212 2667 280 2728 ΑΓ
297 2664 477 2750 parallelae
502 2663 662 2729 ducantur
685 2665 757 2745 ΕΘ,
782 2665 844 2744 ΖΙ,
870 2664 950 2726 HK.
984 2661 1096 2745 itaque

81 2773 157 2850 AZ,
177 2772 249 2832 ΖΗ
266 2769 574 2835 commensurabiles
594 2772 678 2834 sunt.
715 2790 814 2853 quare
838 2771 906 2850 AI,
925 2770 993 2831 ΖΚ
1011 2789 1095 2833 eom-

82 2874 314 2939 mensurabilia
333 2879 409 2939 sunt
427 2874 550 2958 [VI,1;
573 2896 665 2959 prop.
678 2873 750 2954 ΧΠ.
793 2877 825 2936 et
842 2872 996 2956 quoniam
1019 2879 1051 2936 A
1057 2877 1095 2956 Z,

82 2983 155 3044 ΖΗ
186 2979 390 3064 longitudine
427 2978 732 3044 commensurabiles
770 2980 858 3061 sunt,
895 2978 993 3042 etiam
1026 2982 1103 3042 ΑΗ

80 3086 207 3171 utrique
222 3090 296 3170 AZ,
307 3088 379 3149 ΖΗ
390 3085 594 3170 longitudine
608 3084 908 3150 commensurabilis
924 3090 974 3150 est
992 3088 1096 3169 [prop.

81 3191 167 3274 XV].
214 3213 328 3257 uerum
351 3196 424 3257 AH
450 3191 619 3256 rationalis
648 3196 697 3256 est
721 3196 754 3257 et
776 3194 883 3256 rectae
906 3195 976 3257 ΑΓ
994 3193 1097 3278 longi-

81 3299 194 3364 tudine
208 3298 551 3365 incommensurabilis.
582 3320 680 3382 quare
696 3298 793 3364 etiam
814 3303 888 3382 AZ,
904 3302 976 3363 ΖΗ
991 3302 1096 3384 [prop.

81 3403 186 3484 XIIIJ.
232 3405 342 3491 iaque
364 3410 537 3490 utrumque
561 3410 633 3488 ΑΙ,
656 3409 723 3470 ΖΚ
749 3405 890 3471 medium
913 3409 963 3469 est
986 3408 1091 3489 [prop.

81 3508 167 3590 XX].
213 3533 323 3576 rursus
347 3511 500 3594 quoniam
524 3516 600 3596 ΔΕ,
623 3514 697 3575 ΕΗ
714 3512 917 3595 longitudine
936 3517 1095 3576 commen-
