2474 3908
130 131 194 197 398
544 131 733 184 ΑΡΡυαυυα

129 273 193 361 τὴν
217 271 404 360 ὀνομασίαν
426 270 613 339 τάττεσθαι.
650 272 701 339 ὅτι
720 270 758 338 δὲ
776 269 911 357 μείζονί
930 266 1060 336 ἐστιτὰ
1079 268 1147 338 ἄπο

130 383 200 448 τῶν
214 386 291 463 ΑΒ,
306 384 372 445 ΒΓ
381 381 443 445 τοῦ
458 378 510 456 δίς
523 377 589 446 ὑπὸ
603 381 671 445 τῶν
685 384 762 459 ΑΒ,
776 382 849 461 ΒΓ,
865 373 971 454 οὕτως
986 377 1147 444 δεικτέον.

200 484 354 571 Φανεηὸν
377 483 438 570 μὲν
463 475 542 569 οὖν,
575 482 625 551 ὅτι
649 479 766 550 ἄνισοί
790 485 875 549 εἰσιν
903 484 942 548 αί
966 489 1049 568 ΑΒ,
1073 488 1148 549 ΒΓ.

130 596 161 659 εί
182 589 246 677 γὰρ
269 583 356 676 ἦσαν
375 597 456 675 ίσαι,
480 597 535 657 ίσα
558 585 601 656 ἂν
620 581 664 675 ἦν
682 589 738 655 καὶ
756 585 796 655 τὰ
814 584 879 655 ἀπὸ
898 590 967 654 τῶν
985 596 1063 675 ΑΒ,
1082 595 1153 656 ΒΓ

95 709 173 789 ττῷ
199 699 251 778 δίς
273 694 339 764 ὑπὸ
363 699 432 763 τῶν
455 703 531 781 ΑΒ,
549 701 622 781 ΒΓ,
645 695 701 763 καὶ
724 687 768 781 ἦν
791 690 835 762 ίίν
858 694 914 761 καὶ
933 693 970 762 τδ
990 693 1058 762 ὑπὸ
1076 699 1148 763 τῶν

130 813 162 872 Α
168 811 208 889 Β,
226 804 293 870 ΒΓ
312 801 426 890 ῥητόν·
452 800 533 889 ὅπερ
553 800 614 888 οὐχ
632 799 815 870 ὑπόκειται·
839 799 952 868 ίίνισοι
972 799 1039 887 ἄρα
1057 802 1147 870 εἰσὶν

130 914 168 977 αί
189 916 269 994 ΑΒ,
293 915 363 977 ΒΓ.
409 905 601 975 ὑποκείσθω
630 913 749 994 μείζων
777 905 903 993 ἡΑΒ,
934 906 991 973 ναὶ
1017 911 1147 975 κείσθω

129 1020 170 1104 τῇ
191 1022 258 1083 ΙΒΓ
277 1023 332 1100 ίση
352 1015 373 1100 ἡ
392 1021 471 1081 ΒΔ·
496 1013 535 1081 τὰ
556 1013 622 1101 ἅμα
641 1011 706 1081 ἀπὸ
725 1017 794 1081 των
813 1020 889 1098 ΑΒ,
908 1020 937 1079 Β
944 1019 977 1078 Δ
1000 1020 1058 1079 ίσα
1076 1014 1148 1081 ἐστὶ

129 1125 175 1213 τῷ
203 1148 238 1190 τε
267 1121 318 1200 δίς
346 1118 412 1188 ὑπὸ
440 1124 508 1188 τῶν
535 1128 616 1206 ΑΒ,
639 1127 707 1186 ΒΔ
734 1119 790 1186 καὶ
817 1123 862 1211 τῷ
891 1116 956 1187 ἀπὸ
983 1123 1041 1205 τῆς
1066 1128 1148 1189 ΔΑ.

79 1252 112 1300 10
133 1237 188 1315 ίση
213 1228 250 1296 δὲ
273 1225 293 1314 ἡ
317 1234 384 1295 ΔΒ
406 1237 446 1316 τῇ
470 1232 545 1294 ΒΓ·
575 1228 614 1293 τὰ
637 1225 702 1312 ἄρα
726 1223 790 1293 ἀπὸ
814 1229 882 1293 τῶν
905 1232 982 1311 ΑΒ,
1001 1231 1069 1292 ΒΓ
1089 1233 1147 1294 ίσα

131 1335 200 1402 ἐστὶ
226 1337 272 1424 τῷ
300 1359 334 1400 τε
363 1333 415 1413 δίς
446 1330 512 1400 ὑπὸ
540 1344 609 1400 τῶν
636 1340 717 1418 ΑΒ,
740 1337 814 1398 ΒΓ
830 1331 886 1398 καὶ
913 1335 958 1424 τῷ
987 1333 1053 1399 ἀπο
1088 1337 1148 1419 τῆς

131 1449 214 1507 ΑΛ·
256 1438 340 1507 ὥστε
363 1439 402 1507 τὰ
427 1436 491 1507 ἀπὸ
516 1442 584 1507 τῶν
608 1445 688 1524 ΑΒ,
711 1444 778 1506 ΒΓ
805 1443 940 1525 μείζονα
967 1434 1056 1505 εἶναι
1083 1443 1147 1507 τοῦ

131 1546 184 1623 δίς
206 1544 272 1611 ὑπὸ
296 1549 365 1612 τῶν
388 1551 465 1628 ΑΒ,
489 1550 556 1611 ΒΓ
573 1555 619 1636 τῷ
642 1542 706 1611 ἀπὸ
732 1553 808 1611 ΛΑ.

442 1865 495 1930 Ad
518 1865 590 1929 libr.
611 1760 758 1949 {aprop'
780 1866 833 1930 40.

193 1985 310 2074 Ῥητον
341 1987 378 2055 δὲ
405 1986 460 2053 καὶ
483 1986 586 2072 μέσον
615 1987 786 2073 δυναμένη
809 1994 956 2055 καλεῖται
979 1984 1063 2074 αὕτη
1088 1991 1146 2056 διὰ

79 2117 112 2166 15
131 2092 168 2161 τὸ
193 2092 363 2160 δύνασθαι
387 2093 450 2159 δύο
473 2096 588 2177 χωρία,
611 2093 649 2159 τὸ
673 2090 735 2178 μέν
759 2089 874 2179 ῥητὸν,
903 2092 941 2160 τὸ
966 2093 1004 2161 δὲ
1027 2096 1147 2179 μέσον·

131 2201 187 2267 καὶ
213 2197 269 2266 διὰ
291 2197 354 2285 τὴν
377 2201 437 2265 τοῦ
462 2199 566 2284 ῥητοῦ
589 2196 798 2283 προύπαρξιυ
820 2202 954 2285 πρῶτον
977 2201 1147 2268 ἐκάλεσεν.

441 2519 494 2583 Ad
516 2519 590 2584 libr.
610 2413 758 2603 {prop
780 2520 832 2584 41.

198 2646 306 2707 Καλεῑ
332 2640 369 2707 δὲ
398 2637 504 2726 αὐτὴν
533 2638 596 2707 δύο
620 2640 703 2725 μέσα
727 2641 919 2726 δυναμένην
944 2640 1000 2708 διὰ
1023 2667 1061 2710 το
1087 2643 1147 2710 δύ-

131 2755 258 2815 νασθαι
286 2742 392 2832 αὐτην
421 2744 484 2813 δύο
512 2746 596 2831 μέσα
619 2751 723 2831 χωρία
747 2745 784 2812 τό
807 2771 843 2814 τε
866 2752 1086 2833 συγκείμενον
1110 2750 1147 2816 έκ

130 2858 198 2921 τῶν
222 2851 286 2922 ἀπὸ
310 2856 377 2921 τῶν
400 2859 477 2938 ΑΒ,
495 2856 562 2919 ΒΓ
580 2851 696 2918 καὶτὸ
720 2851 773 2930 δίς
794 2849 860 2919 ὑπὸ
884 2857 952 2920 τῶν
977 2860 1054 2938 ΑΒ,
1073 2860 1146 2922 ΒΓ.

204 3072 246 3120 20.
275 3066 352 3120 Inter
380 3062 525 3135 δυναμένη
554 3067 583 3120 et
610 3058 680 3132 ὅπερ
704 3082 731 3133 p.
752 3062 1004 3132 11e‚13PssFb,
1032 3081 1089 3134 mg.
1110 3065 1145 3120 V.

168 3144 211 3192 21.
230 3137 307 3193 Inter
325 3135 470 3206 δυναμένη
490 3137 519 3190 et
537 3129 607 3205 ὅπερ
625 3154 652 3205 p.
673 3141 733 3204 118,
754 3142 786 3190 17
806 3134 946 3190 PBFVb.

205 3337 228 3383 1.
248 3331 293 3401 δὲ]
312 3327 343 3384 δὲ
358 3331 410 3385 καί
422 3331 451 3384 Ρ.
524 3325 685 3455 ἀπόξυσον.
705 3347 739 3385 ex
758 3325 813 3384 ὑπό
833 3347 868 3384 m.
888 3335 905 3383 2
923 3327 952 3383 F.
1026 3334 1052 3383 2.
1069 3323 1144 3384 οὕτω

132 3401 219 3456 BVb.
293 3407 318 3458 3.
338 3393 401 3471 οὖν]
422 3393 474 3454 οὖν
494 3397 569 3456 ἐστιν
611 3443 618 3456 .
686 3407 710 3458 8.
730 3397 801 3472 ἀπό]
820 3395 877 3455 ὑπό
897 3400 930 3455 V.
986 3400 1052 3472 ΒΔ]
1073 3416 1144 3455 corr.

132 3476 239 3527 exssr
254 3470 288 3526 V.
362 3477 387 3526 9.
406 3466 478 3542 ἀπό]
498 3467 554 3526 ὑπό
573 3472 603 3525 F.
671 3469 1006 3544 τῆς]τῶνδ’»οῐη.ΒΙ).
1076 3472 1144 3542 ΔΑ]
