<?xml version="1.0" encoding="UTF-8"?>
<!DOCTYPE html PUBLIC "-//W3C//DTD XHTML 1.0 Transitional//EN"
    "http://www.w3.org/TR/xhtml1/DTD/xhtml1-transitional.dtd">
<html xmlns="http://www.w3.org/1999/xhtml" xml:lang="en" lang="en">
 <head>
  <title>
</title>
<meta http-equiv="Content-Type" content="text/html;charset=utf-8" />
  <meta name='ocr-system' content='tesseract 3.04.00' />
  <meta name='ocr-capabilities' content='ocr_page ocr_carea ocr_par ocr_line ocrx_word'/>
</head>
<body>
  <div class='ocr_page' id='page_1' title='image "./euclidisoperaom06unkngoog_0277.png"; bbox 0 0 2474 3908; ppageno 0'>
   <div class='ocr_carea' id='block_1_1' title="bbox 155 163 787 232">
    <p class='ocr_par' dir='ltr' id='par_1_1' title="bbox 155 163 787 232">
     <span class='ocr_line' id='line_1_1' title="bbox 155 163 787 232; baseline 0.002 -14"><span class='ocrx_word' id='word_1_1' title='bbox 155 166 221 232; x_wconf 75' lang='lat'><strong><em>262</em></strong></span> <span class='ocrx_word' id='word_1_2' title='bbox 541 167 742 218; x_wconf 58' lang='lat' dir='ltr'><strong><em>mmm</em></strong></span> <span class='ocrx_word' id='word_1_3' title='bbox 761 163 787 219; x_wconf 76' lang='grc' dir='ltr'><strong><em>ι’.</em></strong></span> 
     </span>
    </p>
   </div>
   <div class='ocr_carea' id='block_1_2' title="bbox 102 301 1180 3366">
    <p class='ocr_par' dir='ltr' id='par_1_2' title="bbox 102 301 1180 3366">
     <span class='ocr_line' id='line_1_2' title="bbox 154 301 1175 395; baseline -0.006 -18"><span class='ocrx_word' id='word_1_4' title='bbox 154 307 238 395; x_wconf 81' lang='grc' dir='ltr'><strong>πρὸς</strong></span> <span class='ocrx_word' id='word_1_5' title='bbox 256 306 467 394; x_wconf 78' lang='grc' dir='ltr'><strong><em>τετράγωνον</em></strong></span> <span class='ocrx_word' id='word_1_6' title='bbox 486 305 646 394; x_wconf 77' lang='grc' dir='ltr'><strong><em>ἀριθμόν,</em></strong></span> <span class='ocrx_word' id='word_1_7' title='bbox 668 308 723 375; x_wconf 84' lang='grc' dir='ltr'><strong><em>καὶ</em></strong></span> <span class='ocrx_word' id='word_1_8' title='bbox 741 303 938 391; x_wconf 76' lang='grc' dir='ltr'><strong><em>πεποιήσθω</em></strong></span> <span class='ocrx_word' id='word_1_9' title='bbox 957 301 1003 383; x_wconf 76' lang='grc' dir='ltr'><strong><em>ὡς</em></strong></span> <span class='ocrx_word' id='word_1_10' title='bbox 1021 303 1084 389; x_wconf 64' lang='grc' dir='ltr'><strong><em>μὲν</em></strong></span> <span class='ocrx_word' id='word_1_11' title='bbox 1104 301 1123 372; x_wconf 86' lang='grc' dir='ltr'>ὁ</span> <span class='ocrx_word' id='word_1_12' title='bbox 1144 311 1175 372; x_wconf 87' lang='grc' dir='ltr'><em>Ε</em></span> 
     </span>
     <span class='ocr_line' id='line_1_3' title="bbox 154 408 1174 501; baseline -0.002 -21"><span class='ocrx_word' id='word_1_13' title='bbox 154 412 238 501; x_wconf 79' lang='grc' dir='ltr'><em>πρὸς</em></span> <span class='ocrx_word' id='word_1_14' title='bbox 260 412 320 481; x_wconf 85' lang='grc' dir='ltr'><strong><em>τὸν</em></strong></span> <span class='ocrx_word' id='word_1_15' title='bbox 342 419 415 499; x_wconf 89' lang='grc' dir='ltr'><strong><em>ΒΓ,</em></strong></span> <span class='ocrx_word' id='word_1_16' title='bbox 440 410 546 493; x_wconf 81' lang='grc' dir='ltr'><strong><em>οὕτως</em></strong></span> <span class='ocrx_word' id='word_1_17' title='bbox 568 412 606 480; x_wconf 91' lang='grc' dir='ltr'><strong><em>τὸ</em></strong></span> <span class='ocrx_word' id='word_1_18' title='bbox 630 410 695 481; x_wconf 81' lang='grc' dir='ltr'><strong><em>ἀπὸ</em></strong></span> <span class='ocrx_word' id='word_1_19' title='bbox 719 415 777 499; x_wconf 83' lang='grc' dir='ltr'><strong><em>τῆς</em></strong></span> <span class='ocrx_word' id='word_1_20' title='bbox 800 421 832 478; x_wconf 97' lang='lat' dir='ltr'><em>A</em></span> <span class='ocrx_word' id='word_1_21' title='bbox 853 412 1065 498; x_wconf 76' lang='grc' dir='ltr'><strong><em>τετράγωνον</em></strong></span> <span class='ocrx_word' id='word_1_22' title='bbox 1089 408 1174 496; x_wconf 77' lang='grc' dir='ltr'><strong><em>πρὸς</em></strong></span> 
     </span>
     <span class='ocr_line' id='line_1_4' title="bbox 154 514 1173 606; baseline -0.002 -20"><span class='ocrx_word' id='word_1_23' title='bbox 154 517 194 587; x_wconf 90' lang='grc' dir='ltr'><strong><em>τὸ</em></strong></span> <span class='ocrx_word' id='word_1_24' title='bbox 218 517 282 586; x_wconf 79' lang='grc' dir='ltr'><strong><em>ἀπὸ</em></strong></span> <span class='ocrx_word' id='word_1_25' title='bbox 306 523 365 606; x_wconf 76' lang='grc' dir='ltr'><strong><em>τῆς</em></strong></span> <span class='ocrx_word' id='word_1_26' title='bbox 387 525 460 585; x_wconf 91' lang='grc' dir='ltr'><strong><em>ΖΗ</em></strong></span> <span class='ocrx_word' id='word_1_27' title='bbox 477 517 705 605; x_wconf 76' lang='grc' dir='ltr'><strong><em>τετράγωνον,</em></strong></span> <span class='ocrx_word' id='word_1_28' title='bbox 737 517 782 597; x_wconf 76' lang='grc' dir='ltr'><strong><em>ὡς</em></strong></span> <span class='ocrx_word' id='word_1_29' title='bbox 811 515 848 584; x_wconf 72' lang='grc' dir='ltr'><strong><em>δὲ</em></strong></span> <span class='ocrx_word' id='word_1_30' title='bbox 877 515 895 585; x_wconf 87' lang='grc' dir='ltr'><strong>ὁ</strong></span> <span class='ocrx_word' id='word_1_31' title='bbox 919 520 987 583; x_wconf 88' lang='grc' dir='ltr'><strong><em>ΒΓ</em></strong></span> <span class='ocrx_word' id='word_1_32' title='bbox 1004 514 1090 602; x_wconf 78' lang='grc' dir='ltr'><strong><em>πρὸς</em></strong></span> <span class='ocrx_word' id='word_1_33' title='bbox 1112 514 1173 584; x_wconf 88' lang='grc' dir='ltr'><strong><em>τὸν</em></strong></span> 
     </span>
     <span class='ocr_line' id='line_1_5' title="bbox 156 620 1173 712; baseline -0.003 -19"><span class='ocrx_word' id='word_1_34' title='bbox 156 630 229 711; x_wconf 86' lang='grc' dir='ltr'><strong><em>ΓΔ,</em></strong></span> <span class='ocrx_word' id='word_1_35' title='bbox 253 622 360 705; x_wconf 76' lang='grc' dir='ltr'><strong><em>οὕτως</em></strong></span> <span class='ocrx_word' id='word_1_36' title='bbox 382 624 419 694; x_wconf 89' lang='grc' dir='ltr'><strong><em>τὸ</em></strong></span> <span class='ocrx_word' id='word_1_37' title='bbox 443 621 508 692; x_wconf 77' lang='grc' dir='ltr'><strong><em>ἀπὸ</em></strong></span> <span class='ocrx_word' id='word_1_38' title='bbox 532 627 591 711; x_wconf 77' lang='grc' dir='ltr'><strong><em>τῆς</em></strong></span> <span class='ocrx_word' id='word_1_39' title='bbox 614 631 687 691; x_wconf 91' lang='grc' dir='ltr'><strong><em>ΖΗ</em></strong></span> <span class='ocrx_word' id='word_1_40' title='bbox 704 624 917 712; x_wconf 74' lang='grc' dir='ltr'><strong><em>τετράγωνον</em></strong></span> <span class='ocrx_word' id='word_1_41' title='bbox 939 620 1023 708; x_wconf 80' lang='grc' dir='ltr'><strong><em>πρὸς</em></strong></span> <span class='ocrx_word' id='word_1_42' title='bbox 1046 620 1084 689; x_wconf 90' lang='grc' dir='ltr'><strong><em>τὸ</em></strong></span> <span class='ocrx_word' id='word_1_43' title='bbox 1105 620 1173 690; x_wconf 77' lang='grc' dir='ltr'><strong><em>ἀπὸ</em></strong></span> 
     </span>
     <span class='ocr_line' id='line_1_6' title="bbox 119 722 1175 817; baseline -0.008 -13"><span class='ocrx_word' id='word_1_44' title='bbox 119 722 302 817; x_wconf 70' lang='grc' dir='ltr'><strong><em>ὁτῆςΗΘ.</em></strong></span> <span class='ocrx_word' id='word_1_45' title='bbox 339 731 408 799; x_wconf 80' lang='grc' dir='ltr'><strong><em>ἐπεὶ</em></strong></span> <span class='ocrx_word' id='word_1_46' title='bbox 433 723 497 799; x_wconf 83' lang='grc' dir='ltr'><strong><em>οὖν</em></strong></span> <span class='ocrx_word' id='word_1_47' title='bbox 520 732 611 799; x_wconf 81' lang='grc' dir='ltr'><strong><em>ἐστιν</em></strong></span> <span class='ocrx_word' id='word_1_48' title='bbox 634 727 678 809; x_wconf 78' lang='grc' dir='ltr'><strong><em>ὡς</em></strong></span> <span class='ocrx_word' id='word_1_49' title='bbox 702 726 720 797; x_wconf 87' lang='grc' dir='ltr'><strong>ὁ</strong></span> <span class='ocrx_word' id='word_1_50' title='bbox 740 730 869 815; x_wconf 81' lang='grc' dir='ltr'><strong>Ε’πρὸς</strong></span> <span class='ocrx_word' id='word_1_51' title='bbox 886 726 947 796; x_wconf 85' lang='grc' dir='ltr'><strong><em>τὸν</em></strong></span> <span class='ocrx_word' id='word_1_52' title='bbox 965 733 1039 814; x_wconf 87' lang='grc' dir='ltr'><strong><em>ΒΓ,</em></strong></span> <span class='ocrx_word' id='word_1_53' title='bbox 1064 725 1175 808; x_wconf 81' lang='grc' dir='ltr'><strong><em>οὕτως</em></strong></span> 
     </span>
     <span class='ocr_line' id='line_1_7' title="bbox 153 833 1173 925; baseline -0.001 -22"><span class='ocrx_word' id='word_1_54' title='bbox 153 835 192 905; x_wconf 88' lang='grc' dir='ltr'><strong><em>τὸ</em></strong></span> <span class='ocrx_word' id='word_1_55' title='bbox 220 834 285 904; x_wconf 79' lang='grc' dir='ltr'><strong><em>ἀπὸ</em></strong></span> <span class='ocrx_word' id='word_1_56' title='bbox 313 840 372 924; x_wconf 77' lang='grc' dir='ltr'><strong><em>τῆς</em></strong></span> <span class='ocrx_word' id='word_1_57' title='bbox 394 846 426 904; x_wconf 89' lang='lat' dir='ltr'><em>A</em></span> <span class='ocrx_word' id='word_1_58' title='bbox 448 834 659 925; x_wconf 77' lang='grc' dir='ltr'><strong><em>τετράγωνον</em></strong></span> <span class='ocrx_word' id='word_1_59' title='bbox 683 835 766 925; x_wconf 79' lang='grc' dir='ltr'><strong><em>πρὸς</em></strong></span> <span class='ocrx_word' id='word_1_60' title='bbox 788 833 826 904; x_wconf 86' lang='grc' dir='ltr'><strong><em>τὸ</em></strong></span> <span class='ocrx_word' id='word_1_61' title='bbox 850 833 915 902; x_wconf 75' lang='grc' dir='ltr'><strong><em>ἀπὸ</em></strong></span> <span class='ocrx_word' id='word_1_62' title='bbox 944 838 1002 921; x_wconf 76' lang='grc' dir='ltr'><strong><em>τῆς</em></strong></span> <span class='ocrx_word' id='word_1_63' title='bbox 1025 840 1099 901; x_wconf 88' lang='grc' dir='ltr'><strong><em>ΖΗ</em></strong></span> <span class='ocrx_word' id='word_1_64' title='bbox 1122 859 1173 902; x_wconf 82' lang='grc' dir='ltr'><strong><em>τε·</em></strong></span> 
     </span>
     <span class='ocr_line' id='line_1_8' title="bbox 154 938 1175 1030; baseline -0.001 -21"><span class='ocrx_word' id='word_1_65' title='bbox 154 941 347 1030; x_wconf 74' lang='grc' dir='ltr'><strong><em>τράγωνον,</em></strong></span> <span class='ocrx_word' id='word_1_66' title='bbox 374 941 564 1030; x_wconf 77' lang='grc' dir='ltr'><strong><em>σύμμετρον</em></strong></span> <span class='ocrx_word' id='word_1_67' title='bbox 586 941 653 1029; x_wconf 77' lang='grc' dir='ltr'><strong><em>ἄρα</em></strong></span> <span class='ocrx_word' id='word_1_68' title='bbox 677 942 746 1010; x_wconf 81' lang='grc' dir='ltr'><strong><em>ἐστὶ</em></strong></span> <span class='ocrx_word' id='word_1_69' title='bbox 769 939 807 1009; x_wconf 90' lang='grc' dir='ltr'><strong><em>τὸ</em></strong></span> <span class='ocrx_word' id='word_1_70' title='bbox 831 938 896 1009; x_wconf 78' lang='grc' dir='ltr'><strong><em>ἀπὸ</em></strong></span> <span class='ocrx_word' id='word_1_71' title='bbox 918 944 977 1027; x_wconf 76' lang='grc' dir='ltr'><strong><em>τῆς</em></strong></span> <span class='ocrx_word' id='word_1_72' title='bbox 1005 950 1037 1008; x_wconf 89' lang='lat' dir='ltr'><em>A</em></span> <span class='ocrx_word' id='word_1_73' title='bbox 1058 940 1175 1025; x_wconf 82' lang='grc' dir='ltr'><strong><em>τετρά-</em></strong></span> 
     </span>
     <span class='ocr_line' id='line_1_9' title="bbox 155 1044 1174 1141; baseline -0.001 -24"><span class='ocrx_word' id='word_1_74' title='bbox 155 1075 269 1134; x_wconf 76' lang='grc' dir='ltr'><em>γωνον</em></span> <span class='ocrx_word' id='word_1_75' title='bbox 291 1053 336 1141; x_wconf 76' lang='grc' dir='ltr'><strong><em>τῷ</em></strong></span> <span class='ocrx_word' id='word_1_76' title='bbox 360 1046 426 1117; x_wconf 79' lang='grc' dir='ltr'><strong><em>ἀπὸ</em></strong></span> <span class='ocrx_word' id='word_1_77' title='bbox 449 1053 508 1136; x_wconf 79' lang='grc' dir='ltr'><strong><em>τῆς</em></strong></span> <span class='ocrx_word' id='word_1_78' title='bbox 531 1056 603 1116; x_wconf 92' lang='grc' dir='ltr'><strong><em>ΖΗ</em></strong></span> <span class='ocrx_word' id='word_1_79' title='bbox 620 1047 827 1141; x_wconf 74' lang='grc' dir='ltr'><strong><em>τετραγώνῳ.</em></strong></span> <span class='ocrx_word' id='word_1_80' title='bbox 866 1044 970 1136; x_wconf 80' lang='grc' dir='ltr'><strong><em>ῥητὸν</em></strong></span> <span class='ocrx_word' id='word_1_81' title='bbox 993 1046 1031 1115; x_wconf 75' lang='grc' dir='ltr'><strong><em>δὲ</em></strong></span> <span class='ocrx_word' id='word_1_82' title='bbox 1048 1045 1086 1115; x_wconf 87' lang='grc' dir='ltr'><strong><em>τὸ</em></strong></span> <span class='ocrx_word' id='word_1_83' title='bbox 1105 1044 1174 1116; x_wconf 77' lang='grc' dir='ltr'><strong><em>ἀπὸ</em></strong></span> 
     </span>
     <span class='ocr_line' id='line_1_10' title="bbox 154 1149 1174 1243; baseline -0.001 -22"><span class='ocrx_word' id='word_1_84' title='bbox 154 1158 214 1241; x_wconf 78' lang='grc' dir='ltr'><strong><em>τῆς</em></strong></span> <span class='ocrx_word' id='word_1_85' title='bbox 237 1165 269 1222; x_wconf 97' lang='lat' dir='ltr'><em>A</em></span> <span class='ocrx_word' id='word_1_86' title='bbox 291 1154 511 1243; x_wconf 79' lang='grc' dir='ltr'><strong><em>τετράγωνον.</em></strong></span> <span class='ocrx_word' id='word_1_87' title='bbox 558 1154 662 1243; x_wconf 80' lang='grc' dir='ltr'><strong><em>ῥητὸν</em></strong></span> <span class='ocrx_word' id='word_1_88' title='bbox 691 1153 757 1242; x_wconf 74' lang='grc' dir='ltr'><strong><em>ἄρα</em></strong></span> <span class='ocrx_word' id='word_1_89' title='bbox 779 1154 835 1222; x_wconf 82' lang='grc' dir='ltr'><strong><em>καὶ</em></strong></span> <span class='ocrx_word' id='word_1_90' title='bbox 857 1152 895 1222; x_wconf 90' lang='grc' dir='ltr'><strong><em>τὸ</em></strong></span> <span class='ocrx_word' id='word_1_91' title='bbox 920 1149 986 1222; x_wconf 77' lang='grc' dir='ltr'><strong><em>ἀπὸ</em></strong></span> <span class='ocrx_word' id='word_1_92' title='bbox 1009 1163 1068 1240; x_wconf 78' lang='grc' dir='ltr'><strong><em>τῆς</em></strong></span> <span class='ocrx_word' id='word_1_93' title='bbox 1092 1159 1174 1220; x_wconf 85' lang='grc' dir='ltr'><strong><em>ΖΗ·</em></strong></span> 
     </span>
     <span class='ocr_line' id='line_1_11' title="bbox 106 1249 1179 1349; baseline -0.002 -21"><span class='ocrx_word' id='word_1_94' title='bbox 106 1286 139 1334; x_wconf 91' lang='lat'><strong><em>10</em></strong></span> <span class='ocrx_word' id='word_1_95' title='bbox 158 1261 240 1348; x_wconf 78' lang='grc' dir='ltr'><strong><em>ῥητὴ</em></strong></span> <span class='ocrx_word' id='word_1_96' title='bbox 265 1249 446 1348; x_wconf 51' lang='grc' dir='ltr'><strong><em>ἄρα’ἐστὶν</em></strong></span> <span class='ocrx_word' id='word_1_97' title='bbox 470 1257 491 1348; x_wconf 81' lang='grc' dir='ltr'><em>ἡ</em></span> <span class='ocrx_word' id='word_1_98' title='bbox 514 1268 590 1329; x_wconf 91' lang='grc' dir='ltr'><strong><em>ΖΗ.</em></strong></span> <span class='ocrx_word' id='word_1_99' title='bbox 635 1261 789 1329; x_wconf 80' lang='grc' dir='ltr'><strong><em>καὶ-ἐπεὶ</em></strong></span> <span class='ocrx_word' id='word_1_100' title='bbox 818 1258 836 1329; x_wconf 86' lang='grc' dir='ltr'>ὁ</span> <span class='ocrx_word' id='word_1_101' title='bbox 861 1268 893 1328; x_wconf 89' lang='grc' dir='ltr'><em>Ε</em></span> <span class='ocrx_word' id='word_1_102' title='bbox 918 1259 1001 1349; x_wconf 79' lang='grc' dir='ltr'><strong>πρὸς</strong></span> <span class='ocrx_word' id='word_1_103' title='bbox 1027 1257 1086 1327; x_wconf 84' lang='grc' dir='ltr'><strong><em>τὸν</em></strong></span> <span class='ocrx_word' id='word_1_104' title='bbox 1109 1264 1179 1326; x_wconf 88' lang='grc' dir='ltr'><strong><em>ΒΓ</em></strong></span> 
     </span>
     <span class='ocr_line' id='line_1_12' title="bbox 154 1364 1174 1456; baseline -0.002 -22"><span class='ocrx_word' id='word_1_105' title='bbox 154 1366 260 1453; x_wconf 81' lang='grc' dir='ltr'><em>λόγον</em></span> <span class='ocrx_word' id='word_1_106' title='bbox 273 1365 335 1435; x_wconf 81' lang='grc' dir='ltr'><strong><em>οὐκ</em></strong></span> <span class='ocrx_word' id='word_1_107' title='bbox 345 1373 421 1454; x_wconf 80' lang='grc' dir='ltr'><strong><em>ἔχει,</em></strong></span> <span class='ocrx_word' id='word_1_108' title='bbox 437 1364 478 1437; x_wconf 80' lang='grc' dir='ltr'><strong><em>ὃν</em></strong></span> <span class='ocrx_word' id='word_1_109' title='bbox 487 1367 695 1454; x_wconf 78' lang='grc' dir='ltr'><strong><em>τετράγωνος</em></strong></span> <span class='ocrx_word' id='word_1_110' title='bbox 709 1364 856 1455; x_wconf 76' lang='grc' dir='ltr'><em>ἀριθμὸς</em></span> <span class='ocrx_word' id='word_1_111' title='bbox 869 1365 953 1456; x_wconf 80' lang='grc' dir='ltr'><strong><em>πρὸς</em></strong></span> <span class='ocrx_word' id='word_1_112' title='bbox 962 1364 1174 1454; x_wconf 74' lang='grc' dir='ltr'><strong><em>τετράγωνον</em></strong></span> 
     </span>
     <span class='ocr_line' id='line_1_13' title="bbox 154 1469 1173 1561; baseline -0.001 -22"><span class='ocrx_word' id='word_1_113' title='bbox 154 1469 316 1559; x_wconf 78' lang='grc' dir='ltr'><strong><em>ἀριθμόν,</em></strong></span> <span class='ocrx_word' id='word_1_114' title='bbox 340 1473 417 1542; x_wconf 78' lang='grc' dir='ltr'><strong>οὐδ’</strong></span> <span class='ocrx_word' id='word_1_115' title='bbox 438 1472 559 1561; x_wconf 79' lang='grc' dir='ltr'><strong><em>ἄρατὸ</em></strong></span> <span class='ocrx_word' id='word_1_116' title='bbox 579 1470 644 1541; x_wconf 79' lang='grc' dir='ltr'><strong><em>ἀπὸ</em></strong></span> <span class='ocrx_word' id='word_1_117' title='bbox 667 1478 726 1560; x_wconf 77' lang='grc' dir='ltr'><strong><em>τῆς</em></strong></span> <span class='ocrx_word' id='word_1_118' title='bbox 745 1482 777 1541; x_wconf 91' lang='grc' dir='ltr'><em>Α</em></span> <span class='ocrx_word' id='word_1_119' title='bbox 798 1471 1009 1560; x_wconf 76' lang='grc' dir='ltr'><strong><em>τετράγωνον</em></strong></span> <span class='ocrx_word' id='word_1_120' title='bbox 1032 1472 1114 1556; x_wconf 83' lang='grc' dir='ltr'><em>πρὸς</em></span> <span class='ocrx_word' id='word_1_121' title='bbox 1132 1469 1173 1538; x_wconf 89' lang='grc' dir='ltr'><strong><em>τὸ</em></strong></span> 
     </span>
     <span class='ocr_line' id='line_1_14' title="bbox 155 1575 1176 1668; baseline 0.001 -24"><span class='ocrx_word' id='word_1_122' title='bbox 155 1575 221 1647; x_wconf 78' lang='grc' dir='ltr'><strong><em>ἀπὸ</em></strong></span> <span class='ocrx_word' id='word_1_123' title='bbox 244 1583 304 1664; x_wconf 80' lang='grc' dir='ltr'><strong><em>τῆς</em></strong></span> <span class='ocrx_word' id='word_1_124' title='bbox 323 1586 394 1646; x_wconf 93' lang='grc' dir='ltr'><strong><em>ΖΗ</em></strong></span> <span class='ocrx_word' id='word_1_125' title='bbox 414 1578 650 1665; x_wconf 80' lang='grc' dir='ltr'><strong><em>[τετράγωνον]</em></strong></span> <span class='ocrx_word' id='word_1_126' title='bbox 676 1579 780 1665; x_wconf 79' lang='grc' dir='ltr'><em>λόγον</em></span> <span class='ocrx_word' id='word_1_127' title='bbox 800 1584 878 1668; x_wconf 80' lang='grc' dir='ltr'><strong><em>ἔχει,</em></strong></span> <span class='ocrx_word' id='word_1_128' title='bbox 902 1575 943 1647; x_wconf 81' lang='grc' dir='ltr'><strong><em>ὃν</em></strong></span> <span class='ocrx_word' id='word_1_129' title='bbox 965 1577 1176 1667; x_wconf 78' lang='grc' dir='ltr'><strong><em>τετράγωνος</em></strong></span> 
     </span>
     <span class='ocr_line' id='line_1_15' title="bbox 155 1681 1176 1774; baseline -0.001 -23"><span class='ocrx_word' id='word_1_130' title='bbox 155 1681 302 1771; x_wconf 80' lang='grc' dir='ltr'><strong><em>ἀριθμὸς</em></strong></span> <span class='ocrx_word' id='word_1_131' title='bbox 323 1683 408 1774; x_wconf 79' lang='grc' dir='ltr'><em>πρὸς</em></span> <span class='ocrx_word' id='word_1_132' title='bbox 430 1683 642 1771; x_wconf 79' lang='grc' dir='ltr'><strong><em>τετράγωνον</em></strong></span> <span class='ocrx_word' id='word_1_133' title='bbox 670 1685 833 1773; x_wconf 77' lang='grc' dir='ltr'><em>ἀριθμόν·</em></span> <span class='ocrx_word' id='word_1_134' title='bbox 870 1683 1079 1772; x_wconf 77' lang='grc' dir='ltr'><strong><em>ἀσύμμετρος</em></strong></span> <span class='ocrx_word' id='word_1_135' title='bbox 1107 1682 1176 1770; x_wconf 76' lang='grc' dir='ltr'><strong><em>ἄρα</em></strong></span> 
     </span>
     <span class='ocr_line' id='line_1_16' title="bbox 106 1787 1180 1879; baseline -0.007 -15"><span class='ocrx_word' id='word_1_136' title='bbox 106 1815 139 1865; x_wconf 83' lang='lat'><strong><em>15</em></strong></span> <span class='ocrx_word' id='word_1_137' title='bbox 159 1792 250 1858; x_wconf 84' lang='grc' dir='ltr'><strong><em>ἐστὶν</em></strong></span> <span class='ocrx_word' id='word_1_138' title='bbox 273 1789 294 1878; x_wconf 82' lang='grc' dir='ltr'><em>ἡ</em></span> <span class='ocrx_word' id='word_1_139' title='bbox 318 1801 350 1858; x_wconf 87' lang='grc' dir='ltr'><em>Α</em></span> <span class='ocrx_word' id='word_1_140' title='bbox 372 1796 412 1879; x_wconf 81' lang='grc' dir='ltr'><strong><em>τῇ</em></strong></span> <span class='ocrx_word' id='word_1_141' title='bbox 437 1798 510 1859; x_wconf 92' lang='grc' dir='ltr'><strong><em>ΖΗ</em></strong></span> <span class='ocrx_word' id='word_1_142' title='bbox 528 1790 634 1878; x_wconf 80' lang='grc' dir='ltr'><strong><em>μήκει.</em></strong></span> <span class='ocrx_word' id='word_1_143' title='bbox 671 1792 783 1878; x_wconf 78' lang='grc' dir='ltr'><strong><em>πάλιν,</em></strong></span> <span class='ocrx_word' id='word_1_144' title='bbox 808 1793 881 1860; x_wconf 77' lang='grc' dir='ltr'><strong><em>ἐπεί</em></strong></span> <span class='ocrx_word' id='word_1_145' title='bbox 897 1793 987 1859; x_wconf 81' lang='grc' dir='ltr'><strong><em>ἐστιν</em></strong></span> <span class='ocrx_word' id='word_1_146' title='bbox 1010 1788 1055 1870; x_wconf 81' lang='grc' dir='ltr'><strong><em>ὡς</em></strong></span> <span class='ocrx_word' id='word_1_147' title='bbox 1073 1787 1091 1858; x_wconf 84' lang='grc' dir='ltr'>ὁ</span> <span class='ocrx_word' id='word_1_148' title='bbox 1111 1796 1180 1857; x_wconf 90' lang='grc' dir='ltr'><strong><em>ΒΓ</em></strong></span> 
     </span>
     <span class='ocr_line' id='line_1_17' title="bbox 155 1895 1177 1986; baseline 0 -21"><span class='ocrx_word' id='word_1_149' title='bbox 155 1895 240 1986; x_wconf 78' lang='grc' dir='ltr'><strong><em>πρὸς</em></strong></span> <span class='ocrx_word' id='word_1_150' title='bbox 257 1897 319 1966; x_wconf 85' lang='grc' dir='ltr'><strong><em>τὸν</em></strong></span> <span class='ocrx_word' id='word_1_151' title='bbox 333 1904 406 1984; x_wconf 92' lang='grc' dir='ltr'><strong><em>ΓΔ,</em></strong></span> <span class='ocrx_word' id='word_1_152' title='bbox 431 1895 538 1977; x_wconf 80' lang='grc' dir='ltr'><strong><em>οὕτως</em></strong></span> <span class='ocrx_word' id='word_1_153' title='bbox 555 1897 593 1965; x_wconf 88' lang='grc' dir='ltr'><strong><em>τὸ</em></strong></span> <span class='ocrx_word' id='word_1_154' title='bbox 612 1898 677 1966; x_wconf 76' lang='grc' dir='ltr'><strong><em>ἀπὸ</em></strong></span> <span class='ocrx_word' id='word_1_155' title='bbox 697 1902 755 1985; x_wconf 75' lang='grc' dir='ltr'><strong><em>τῆς</em></strong></span> <span class='ocrx_word' id='word_1_156' title='bbox 774 1904 844 1965; x_wconf 93' lang='grc' dir='ltr'><strong><em>ΖΗ</em></strong></span> <span class='ocrx_word' id='word_1_157' title='bbox 859 1897 1070 1984; x_wconf 78' lang='grc' dir='ltr'><strong><em>τετράγωνον</em></strong></span> <span class='ocrx_word' id='word_1_158' title='bbox 1088 1897 1177 1980; x_wconf 76' lang='grc' dir='ltr'><strong><em>πρὸς</em></strong></span> 
     </span>
     <span class='ocr_line' id='line_1_18' title="bbox 155 2000 1178 2093; baseline -0.002 -22"><span class='ocrx_word' id='word_1_159' title='bbox 155 2002 193 2071; x_wconf 85' lang='grc' dir='ltr'><strong><em>τὸ</em></strong></span> <span class='ocrx_word' id='word_1_160' title='bbox 218 2003 283 2072; x_wconf 83' lang='grc' dir='ltr'><strong><em>ἀπὸ</em></strong></span> <span class='ocrx_word' id='word_1_161' title='bbox 306 2007 364 2091; x_wconf 79' lang='grc' dir='ltr'><strong><em>τῆς</em></strong></span> <span class='ocrx_word' id='word_1_162' title='bbox 381 2011 459 2089; x_wconf 92' lang='grc' dir='ltr'><strong><em>ΗΘ,</em></strong></span> <span class='ocrx_word' id='word_1_163' title='bbox 482 2008 671 2093; x_wconf 80' lang='grc' dir='ltr'><strong><em>σύμμετρον</em></strong></span> <span class='ocrx_word' id='word_1_164' title='bbox 693 2003 760 2091; x_wconf 77' lang='grc' dir='ltr'><strong><em>ἄρα</em></strong></span> <span class='ocrx_word' id='word_1_165' title='bbox 785 2004 853 2072; x_wconf 80' lang='grc' dir='ltr'><strong><em>ἐστὶ</em></strong></span> <span class='ocrx_word' id='word_1_166' title='bbox 876 2001 913 2071; x_wconf 88' lang='grc' dir='ltr'><strong><em>τὸ</em></strong></span> <span class='ocrx_word' id='word_1_167' title='bbox 938 2000 1003 2070; x_wconf 79' lang='grc' dir='ltr'><strong><em>ἀπὸ</em></strong></span> <span class='ocrx_word' id='word_1_168' title='bbox 1028 2006 1087 2090; x_wconf 82' lang='grc' dir='ltr'><strong><em>τῆς</em></strong></span> <span class='ocrx_word' id='word_1_169' title='bbox 1106 2010 1178 2070; x_wconf 91' lang='grc' dir='ltr'><strong><em>ΖΗ</em></strong></span> 
     </span>
     <span class='ocr_line' id='line_1_19' title="bbox 155 2107 1176 2203; baseline 0 -26"><span class='ocrx_word' id='word_1_170' title='bbox 155 2115 201 2203; x_wconf 75' lang='grc' dir='ltr'><strong><em>τῷ</em></strong></span> <span class='ocrx_word' id='word_1_171' title='bbox 224 2107 289 2178; x_wconf 79' lang='grc' dir='ltr'><strong><em>ἀπὸ</em></strong></span> <span class='ocrx_word' id='word_1_172' title='bbox 312 2121 371 2197; x_wconf 77' lang='grc' dir='ltr'><strong><em>τῆς</em></strong></span> <span class='ocrx_word' id='word_1_173' title='bbox 394 2117 470 2178; x_wconf 90' lang='grc' dir='ltr'><strong><em>ΗΘ.</em></strong></span> <span class='ocrx_word' id='word_1_174' title='bbox 516 2110 620 2197; x_wconf 75' lang='grc' dir='ltr'><strong><em>ῥητὸν</em></strong></span> <span class='ocrx_word' id='word_1_175' title='bbox 644 2110 682 2179; x_wconf 73' lang='grc' dir='ltr'><strong><em>δὲ</em></strong></span> <span class='ocrx_word' id='word_1_176' title='bbox 708 2109 747 2179; x_wconf 89' lang='grc' dir='ltr'><strong><em>τὸ</em></strong></span> <span class='ocrx_word' id='word_1_177' title='bbox 776 2107 841 2177; x_wconf 77' lang='grc' dir='ltr'><strong><em>ἀπὸ</em></strong></span> <span class='ocrx_word' id='word_1_178' title='bbox 869 2114 927 2196; x_wconf 77' lang='grc' dir='ltr'><strong><em>τῆς</em></strong></span> <span class='ocrx_word' id='word_1_179' title='bbox 950 2115 1031 2175; x_wconf 84' lang='grc' dir='ltr'><strong><em>ΖΗ·</em></strong></span> <span class='ocrx_word' id='word_1_180' title='bbox 1068 2108 1176 2197; x_wconf 81' lang='grc' dir='ltr'><strong><em>ῥητὸν</em></strong></span> 
     </span>
     <span class='ocr_line' id='line_1_20' title="bbox 156 2211 1176 2305; baseline -0.002 -22"><span class='ocrx_word' id='word_1_181' title='bbox 156 2214 221 2304; x_wconf 81' lang='grc' dir='ltr'><strong><em>ἄρα</em></strong></span> <span class='ocrx_word' id='word_1_182' title='bbox 244 2217 300 2284; x_wconf 81' lang='grc' dir='ltr'><strong><em>καὶ</em></strong></span> <span class='ocrx_word' id='word_1_183' title='bbox 322 2214 360 2284; x_wconf 87' lang='grc' dir='ltr'><strong><em>τὸ</em></strong></span> <span class='ocrx_word' id='word_1_184' title='bbox 384 2215 449 2285; x_wconf 80' lang='grc' dir='ltr'><strong><em>ἀπὸ</em></strong></span> <span class='ocrx_word' id='word_1_185' title='bbox 474 2221 532 2304; x_wconf 81' lang='grc' dir='ltr'><strong><em>τῆς</em></strong></span> <span class='ocrx_word' id='word_1_186' title='bbox 550 2223 630 2285; x_wconf 92' lang='grc' dir='ltr'><strong><em>ΗΘ·</em></strong></span> <span class='ocrx_word' id='word_1_187' title='bbox 660 2215 744 2303; x_wconf 75' lang='grc' dir='ltr'><strong><em>ῥητὴ</em></strong></span> <span class='ocrx_word' id='word_1_188' title='bbox 764 2215 830 2305; x_wconf 73' lang='grc' dir='ltr'><strong><em>ἄρα</em></strong></span> <span class='ocrx_word' id='word_1_189' title='bbox 850 2216 941 2284; x_wconf 78' lang='grc' dir='ltr'><strong><em>ἐστὶν</em></strong></span> <span class='ocrx_word' id='word_1_190' title='bbox 959 2211 1077 2305; x_wconf 15' lang='grc' dir='ltr'><strong><em>ἡΚΗΘ.</em></strong></span> <span class='ocrx_word' id='word_1_191' title='bbox 1118 2215 1176 2282; x_wconf 82' lang='grc' dir='ltr'><strong><em>καὶ</em></strong></span> 
     </span>
     <span class='ocr_line' id='line_1_21' title="bbox 104 2316 1176 2411; baseline -0.006 -17"><span class='ocrx_word' id='word_1_192' title='bbox 104 2347 138 2396; x_wconf 82' lang='lat'><strong><em>20</em></strong></span> <span class='ocrx_word' id='word_1_193' title='bbox 158 2323 227 2390; x_wconf 79' lang='grc' dir='ltr'><strong><em>ἐπεὶ</em></strong></span> <span class='ocrx_word' id='word_1_194' title='bbox 252 2323 270 2391; x_wconf 86' lang='grc' dir='ltr'>ὁ</span> <span class='ocrx_word' id='word_1_195' title='bbox 295 2329 361 2390; x_wconf 92' lang='grc' dir='ltr'><strong><em>ΒΓ</em></strong></span> <span class='ocrx_word' id='word_1_196' title='bbox 384 2323 466 2411; x_wconf 82' lang='grc' dir='ltr'><strong><em>πρὸς</em></strong></span> <span class='ocrx_word' id='word_1_197' title='bbox 488 2321 549 2392; x_wconf 85' lang='grc' dir='ltr'><strong><em>τὸν</em></strong></span> <span class='ocrx_word' id='word_1_198' title='bbox 572 2329 640 2392; x_wconf 92' lang='grc' dir='ltr'><strong><em>ΓΔ</em></strong></span> <span class='ocrx_word' id='word_1_199' title='bbox 661 2322 766 2410; x_wconf 77' lang='grc' dir='ltr'><strong><em>λόγον</em></strong></span> <span class='ocrx_word' id='word_1_200' title='bbox 791 2319 852 2392; x_wconf 80' lang='grc' dir='ltr'><strong><em>οὐκ</em></strong></span> <span class='ocrx_word' id='word_1_201' title='bbox 879 2327 960 2410; x_wconf 73' lang='grc' dir='ltr'><strong><em>ἔχει,</em></strong></span> <span class='ocrx_word' id='word_1_202' title='bbox 993 2316 1034 2389; x_wconf 80' lang='grc' dir='ltr'><strong><em>ὃν</em></strong></span> <span class='ocrx_word' id='word_1_203' title='bbox 1062 2323 1176 2407; x_wconf 80' lang='grc' dir='ltr'><strong><em>τετρά-</em></strong></span> 
     </span>
     <span class='ocr_line' id='line_1_22' title="bbox 156 2425 1177 2516; baseline -0.001 -21"><span class='ocrx_word' id='word_1_204' title='bbox 156 2454 265 2513; x_wconf 76' lang='grc' dir='ltr'><em>γωνος</em></span> <span class='ocrx_word' id='word_1_205' title='bbox 292 2427 438 2515; x_wconf 76' lang='grc' dir='ltr'><strong><em>ἀριθμὸς</em></strong></span> <span class='ocrx_word' id='word_1_206' title='bbox 463 2428 548 2515; x_wconf 79' lang='grc' dir='ltr'><strong><em>πρὸς</em></strong></span> <span class='ocrx_word' id='word_1_207' title='bbox 570 2429 781 2515; x_wconf 77' lang='grc' dir='ltr'><strong><em>τετράγωνον</em></strong></span> <span class='ocrx_word' id='word_1_208' title='bbox 810 2425 976 2515; x_wconf 76' lang='grc' dir='ltr'><strong><em>ἀριθμόν,</em></strong></span> <span class='ocrx_word' id='word_1_209' title='bbox 999 2425 1081 2516; x_wconf 65' lang='lat'><strong><em>{0136&#39;</em></strong></span> <span class='ocrx_word' id='word_1_210' title='bbox 1107 2425 1177 2514; x_wconf 72' lang='grc' dir='ltr'><strong><em>ἄρα</em></strong></span> 
     </span>
     <span class='ocr_line' id='line_1_23' title="bbox 155 2531 1177 2622; baseline 0.003 -22"><span class='ocrx_word' id='word_1_211' title='bbox 155 2532 193 2600; x_wconf 89' lang='grc' dir='ltr'><strong><em>τὸ</em></strong></span> <span class='ocrx_word' id='word_1_212' title='bbox 219 2531 284 2601; x_wconf 79' lang='grc' dir='ltr'><strong><em>ἀπὸ</em></strong></span> <span class='ocrx_word' id='word_1_213' title='bbox 308 2539 366 2621; x_wconf 78' lang='grc' dir='ltr'><strong><em>τῆς</em></strong></span> <span class='ocrx_word' id='word_1_214' title='bbox 394 2542 462 2602; x_wconf 90' lang='grc' dir='ltr'><strong><em>ΖΗ</em></strong></span> <span class='ocrx_word' id='word_1_215' title='bbox 483 2533 568 2622; x_wconf 81' lang='grc' dir='ltr'><strong><em>πρὸς</em></strong></span> <span class='ocrx_word' id='word_1_216' title='bbox 589 2533 628 2603; x_wconf 83' lang='grc' dir='ltr'><strong><em>τὸ</em></strong></span> <span class='ocrx_word' id='word_1_217' title='bbox 651 2533 718 2604; x_wconf 77' lang='grc' dir='ltr'><strong><em>ἀπὸ</em></strong></span> <span class='ocrx_word' id='word_1_218' title='bbox 741 2539 800 2622; x_wconf 78' lang='grc' dir='ltr'><strong><em>τῆς</em></strong></span> <span class='ocrx_word' id='word_1_219' title='bbox 817 2541 886 2602; x_wconf 92' lang='grc' dir='ltr'><strong><em>ΗΘ</em></strong></span> <span class='ocrx_word' id='word_1_220' title='bbox 908 2532 1012 2619; x_wconf 79' lang='grc' dir='ltr'><em>λόγον</em></span> <span class='ocrx_word' id='word_1_221' title='bbox 1031 2538 1109 2621; x_wconf 79' lang='grc' dir='ltr'><strong><em>ἔχει,</em></strong></span> <span class='ocrx_word' id='word_1_222' title='bbox 1134 2532 1177 2603; x_wconf 78' lang='grc' dir='ltr'><strong><em>ὃν</em></strong></span> 
     </span>
     <span class='ocr_line' id='line_1_24' title="bbox 155 2637 1177 2729; baseline 0.002 -24"><span class='ocrx_word' id='word_1_223' title='bbox 155 2639 361 2726; x_wconf 75' lang='grc' dir='ltr'><strong><em>τετράγωνος</em></strong></span> <span class='ocrx_word' id='word_1_224' title='bbox 384 2638 530 2728; x_wconf 79' lang='grc' dir='ltr'><strong><em>ἀριθμὸς</em></strong></span> <span class='ocrx_word' id='word_1_225' title='bbox 548 2639 632 2728; x_wconf 82' lang='grc' dir='ltr'><strong><em>πρὸς</em></strong></span> <span class='ocrx_word' id='word_1_226' title='bbox 649 2641 860 2729; x_wconf 76' lang='grc' dir='ltr'><strong><em>τετράγωνον</em></strong></span> <span class='ocrx_word' id='word_1_227' title='bbox 879 2637 1046 2729; x_wconf 77' lang='grc' dir='ltr'><em>ἀριθμόν·</em></span> <span class='ocrx_word' id='word_1_228' title='bbox 1070 2637 1177 2727; x_wconf 80' lang='grc' dir='ltr'><em>ἀσύμ-</em></span> 
     </span>
     <span class='ocr_line' id='line_1_25' title="bbox 156 2743 1177 2835; baseline -0.002 -21"><span class='ocrx_word' id='word_1_229' title='bbox 156 2770 273 2834; x_wconf 79' lang='grc' dir='ltr'><strong><em>μετρος</em></strong></span> <span class='ocrx_word' id='word_1_230' title='bbox 296 2744 362 2835; x_wconf 73' lang='grc' dir='ltr'><strong><em>ἄρα</em></strong></span> <span class='ocrx_word' id='word_1_231' title='bbox 385 2747 476 2815; x_wconf 78' lang='grc' dir='ltr'><strong><em>ἐστὶν</em></strong></span> <span class='ocrx_word' id='word_1_232' title='bbox 499 2744 520 2832; x_wconf 80' lang='grc' dir='ltr'><em>ἡ</em></span> <span class='ocrx_word' id='word_1_233' title='bbox 545 2754 617 2815; x_wconf 92' lang='grc' dir='ltr'><strong><em>ΖΗ</em></strong></span> <span class='ocrx_word' id='word_1_234' title='bbox 634 2751 675 2835; x_wconf 73' lang='grc' dir='ltr'><strong><em>τῇ</em></strong></span> <span class='ocrx_word' id='word_1_235' title='bbox 698 2755 766 2816; x_wconf 92' lang='grc' dir='ltr'><strong><em>ΗΘ</em></strong></span> <span class='ocrx_word' id='word_1_236' title='bbox 789 2746 894 2834; x_wconf 82' lang='grc' dir='ltr'><strong><em>μήκει.</em></strong></span> <span class='ocrx_word' id='word_1_237' title='bbox 930 2752 990 2813; x_wconf 80' lang='grc' dir='ltr'><strong><em>καί</em></strong></span> <span class='ocrx_word' id='word_1_238' title='bbox 1006 2749 1094 2815; x_wconf 76' lang='grc' dir='ltr'><em>εἰσιν</em></span> <span class='ocrx_word' id='word_1_239' title='bbox 1113 2743 1177 2834; x_wconf 55' lang='grc' dir='ltr'><strong><em>ἄψ</em></strong></span> 
     </span>
     <span class='ocr_line' id='line_1_26' title="bbox 102 2851 1177 2942; baseline -0.006 -16"><span class='ocrx_word' id='word_1_240' title='bbox 102 2876 137 2926; x_wconf 79' lang='lat'><strong><em>26</em></strong></span> <span class='ocrx_word' id='word_1_241' title='bbox 157 2851 297 2942; x_wconf 80' lang='grc' dir='ltr'><strong><em>φότεραι</em></strong></span> <span class='ocrx_word' id='word_1_242' title='bbox 320 2856 430 2942; x_wconf 80' lang='grc' dir='ltr'><strong><em>ῥηταί·</em></strong></span> <span class='ocrx_word' id='word_1_243' title='bbox 467 2856 506 2919; x_wconf 77' lang='grc' dir='ltr'><strong><em>αἱ</em></strong></span> <span class='ocrx_word' id='word_1_244' title='bbox 526 2859 607 2941; x_wconf 89' lang='grc' dir='ltr'><strong><em>ΖΗ,</em></strong></span> <span class='ocrx_word' id='word_1_245' title='bbox 629 2860 698 2922; x_wconf 89' lang='grc' dir='ltr'><strong><em>ΗΘ</em></strong></span> <span class='ocrx_word' id='word_1_246' title='bbox 725 2853 791 2942; x_wconf 77' lang='grc' dir='ltr'><strong><em>ἄρα</em></strong></span> <span class='ocrx_word' id='word_1_247' title='bbox 815 2856 917 2942; x_wconf 79' lang='grc' dir='ltr'><strong><em>ῥηταί</em></strong></span> <span class='ocrx_word' id='word_1_248' title='bbox 941 2856 1006 2920; x_wconf 74' lang='grc' dir='ltr'><em>εἰσι</em></span> <span class='ocrx_word' id='word_1_249' title='bbox 1030 2851 1177 2939; x_wconf 77' lang='grc' dir='ltr'><em>δυνάμει</em></span> 
     </span>
     <span class='ocr_line' id='line_1_27' title="bbox 155 2957 1004 3048; baseline 0 -19"><span class='ocrx_word' id='word_1_250' title='bbox 155 2958 263 3047; x_wconf 83' lang='grc' dir='ltr'>μόνον</span> <span class='ocrx_word' id='word_1_251' title='bbox 288 2959 483 3048; x_wconf 82' lang='grc' dir='ltr'><strong><em>σύμμετροι·</em></strong></span> <span class='ocrx_word' id='word_1_252' title='bbox 507 2957 657 3048; x_wconf 81' lang='grc' dir='ltr'><strong><em>ἀποτομὴ</em></strong></span> <span class='ocrx_word' id='word_1_253' title='bbox 682 2959 749 3048; x_wconf 75' lang='grc' dir='ltr'><strong><em>ἄρα</em></strong></span> <span class='ocrx_word' id='word_1_254' title='bbox 772 2960 863 3029; x_wconf 77' lang='grc' dir='ltr'><strong><em>ἐστὶν</em></strong></span> <span class='ocrx_word' id='word_1_255' title='bbox 887 2957 908 3046; x_wconf 77' lang='grc' dir='ltr'><em>ἡ</em></span> <span class='ocrx_word' id='word_1_256' title='bbox 933 2966 1004 3029; x_wconf 92' lang='grc' dir='ltr'><strong><em>ΖΘ.</em></strong></span> 
     </span>
     <span class='ocr_line' id='line_1_28' title="bbox 223 3063 678 3153; baseline 0 -19"><span class='ocrx_word' id='word_1_257' title='bbox 223 3068 320 3152; x_wconf 77' lang='grc' dir='ltr'><em>Λέγω</em></span> <span class='ocrx_word' id='word_1_258' title='bbox 344 3065 397 3153; x_wconf 75' lang='grc' dir='ltr'><strong><em>δή,</em></strong></span> <span class='ocrx_word' id='word_1_259' title='bbox 421 3063 472 3134; x_wconf 79' lang='grc' dir='ltr'><strong><em>ὅτι</em></strong></span> <span class='ocrx_word' id='word_1_260' title='bbox 495 3067 551 3134; x_wconf 80' lang='grc' dir='ltr'><strong><em>καὶ</em></strong></span> <span class='ocrx_word' id='word_1_261' title='bbox 574 3072 678 3153; x_wconf 81' lang='grc' dir='ltr'><strong><em>τρίτη.</em></strong></span> 
     </span>
     <span class='ocr_line' id='line_1_29' title="bbox 224 3169 1179 3261; baseline 0.002 -23"><span class='ocrx_word' id='word_1_262' title='bbox 224 3169 312 3239; x_wconf 79' lang='grc' dir='ltr'><strong><em>Ἐπεὶ</em></strong></span> <span class='ocrx_word' id='word_1_263' title='bbox 335 3171 399 3258; x_wconf 76' lang='grc' dir='ltr'><strong><em>γάρ</em></strong></span> <span class='ocrx_word' id='word_1_264' title='bbox 424 3175 516 3241; x_wconf 80' lang='grc' dir='ltr'><strong><em>ἐστιν</em></strong></span> <span class='ocrx_word' id='word_1_265' title='bbox 539 3170 584 3253; x_wconf 80' lang='grc' dir='ltr'><strong><em>ὡς</em></strong></span> <span class='ocrx_word' id='word_1_266' title='bbox 607 3172 670 3261; x_wconf 74' lang='grc' dir='ltr'><strong><em>μὲν</em></strong></span> <span class='ocrx_word' id='word_1_267' title='bbox 694 3169 712 3242; x_wconf 88' lang='grc' dir='ltr'>ὁ</span> <span class='ocrx_word' id='word_1_268' title='bbox 733 3180 763 3241; x_wconf 83' lang='grc' dir='ltr'><em>Β</em></span> <span class='ocrx_word' id='word_1_269' title='bbox 784 3171 867 3261; x_wconf 79' lang='grc' dir='ltr'><strong><em>πρὸς</em></strong></span> <span class='ocrx_word' id='word_1_270' title='bbox 889 3170 950 3243; x_wconf 87' lang='grc' dir='ltr'><strong><em>τὸν</em></strong></span> <span class='ocrx_word' id='word_1_271' title='bbox 969 3177 1042 3259; x_wconf 92' lang='grc' dir='ltr'><strong><em>ΒΓ,</em></strong></span> <span class='ocrx_word' id='word_1_272' title='bbox 1067 3170 1179 3254; x_wconf 78' lang='grc' dir='ltr'><strong><em>οὕτως</em></strong></span> 
     </span>
     <span class='ocr_line' id='line_1_30' title="bbox 156 3275 1178 3366; baseline 0.001 -21"><span class='ocrx_word' id='word_1_273' title='bbox 156 3276 194 3345; x_wconf 88' lang='grc' dir='ltr'><strong><em>τὸ</em></strong></span> <span class='ocrx_word' id='word_1_274' title='bbox 218 3275 285 3344; x_wconf 81' lang='grc' dir='ltr'><strong><em>ἀπὸ</em></strong></span> <span class='ocrx_word' id='word_1_275' title='bbox 307 3281 366 3365; x_wconf 77' lang='grc' dir='ltr'><strong><em>τῆς</em></strong></span> <span class='ocrx_word' id='word_1_276' title='bbox 389 3287 421 3346; x_wconf 90' lang='lat' dir='ltr'><em>A</em></span> <span class='ocrx_word' id='word_1_277' title='bbox 443 3278 654 3366; x_wconf 78' lang='grc' dir='ltr'><strong><em>τετράγωνον</em></strong></span> <span class='ocrx_word' id='word_1_278' title='bbox 678 3278 761 3366; x_wconf 82' lang='grc' dir='ltr'><strong><em>πρὸς</em></strong></span> <span class='ocrx_word' id='word_1_279' title='bbox 782 3278 821 3347; x_wconf 86' lang='grc' dir='ltr'><strong><em>τὸ</em></strong></span> <span class='ocrx_word' id='word_1_280' title='bbox 844 3277 909 3348; x_wconf 82' lang='grc' dir='ltr'><strong><em>ἀπὸ</em></strong></span> <span class='ocrx_word' id='word_1_281' title='bbox 933 3281 993 3366; x_wconf 77' lang='grc' dir='ltr'><strong><em>τῆς</em></strong></span> <span class='ocrx_word' id='word_1_282' title='bbox 1017 3284 1099 3362; x_wconf 90' lang='grc' dir='ltr'><strong><em>ΖΗ,</em></strong></span> <span class='ocrx_word' id='word_1_283' title='bbox 1131 3277 1178 3359; x_wconf 79' lang='grc' dir='ltr'><strong><em>ὡς</em></strong></span> 
     </span>
    </p>
   </div>
   <div class='ocr_carea' id='block_1_3' title="bbox 157 3435 1177 3581">
    <p class='ocr_par' dir='ltr' id='par_1_3' title="bbox 157 3435 1177 3581">
     <span class='ocr_line' id='line_1_31' title="bbox 230 3435 1175 3508; baseline 0.001 -18"><span class='ocrx_word' id='word_1_284' title='bbox 230 3442 253 3490; x_wconf 94' lang='lat'><strong><em>1.</em></strong></span> <span class='ocrx_word' id='word_1_285' title='bbox 273 3438 449 3493; x_wconf 78' lang='grc' dir='ltr'><strong><em>πεποιείτθω</em></strong></span> <span class='ocrx_word' id='word_1_286' title='bbox 467 3438 498 3492; x_wconf 84' lang='lat' dir='ltr'><strong><em>F.</em></strong></span> <span class='ocrx_word' id='word_1_287' title='bbox 553 3444 579 3492; x_wconf 82' lang='lat'><strong><em>4.</em></strong></span> <span class='ocrx_word' id='word_1_288' title='bbox 599 3438 670 3508; x_wconf 82' lang='lat' dir='ltr'><strong><em>ZH]</em></strong></span> <span class='ocrx_word' id='word_1_289' title='bbox 690 3442 885 3493; x_wconf 81' lang='lat' dir='ltr'><strong>corr.exAH</strong></span> <span class='ocrx_word' id='word_1_290' title='bbox 900 3438 930 3493; x_wconf 84' lang='lat' dir='ltr'><strong><em>F.</em></strong></span> <span class='ocrx_word' id='word_1_291' title='bbox 986 3443 1011 3493; x_wconf 84' lang='grc'><strong><em>6.</em></strong></span> <span class='ocrx_word' id='word_1_292' title='bbox 1031 3442 1053 3492; x_wconf 89' lang='lat' dir='ltr'><em>A</em></span> <span class='ocrx_word' id='word_1_293' title='bbox 1072 3435 1175 3506; x_wconf 73' lang='grc' dir='ltr'><strong><em>τετρά-</em></strong></span> 
     </span>
     <span class='ocr_line' id='line_1_32' title="bbox 157 3505 1177 3581; baseline 0.001 -19"><span class='ocrx_word' id='word_1_294' title='bbox 157 3509 301 3581; x_wconf 74' lang='grc' dir='ltr'><strong><em>γωνον]Α</em></strong></span> <span class='ocrx_word' id='word_1_295' title='bbox 315 3508 348 3563; x_wconf 91' lang='lat' dir='ltr'><strong><em>V.</em></strong></span> <span class='ocrx_word' id='word_1_296' title='bbox 418 3513 442 3563; x_wconf 71' lang='lat'><strong><em>⁵1.</em></strong></span> <span class='ocrx_word' id='word_1_297' title='bbox 457 3505 531 3579; x_wconf 78' lang='grc' dir='ltr'><strong><em>ἐστί]</em></strong></span> <span class='ocrx_word' id='word_1_298' title='bbox 548 3525 602 3564; x_wconf 89' lang='lat' dir='ltr'><strong><em>om.</em></strong></span> <span class='ocrx_word' id='word_1_299' title='bbox 619 3508 651 3564; x_wconf 89' lang='lat' dir='ltr'><strong><em>V.</em></strong></span> <span class='ocrx_word' id='word_1_300' title='bbox 714 3505 904 3580; x_wconf 70' lang='grc' dir='ltr'><strong><em>τετράγωνον]</em></strong></span> <span class='ocrx_word' id='word_1_301' title='bbox 920 3525 974 3565; x_wconf 88' lang='lat' dir='ltr'><strong><em>om.</em></strong></span> <span class='ocrx_word' id='word_1_302' title='bbox 992 3507 1024 3564; x_wconf 82' lang='lat' dir='ltr'><strong><em>V.</em></strong></span> <span class='ocrx_word' id='word_1_303' title='bbox 1091 3513 1115 3563; x_wconf 85' lang='lat'><strong><em>8.</em></strong></span> <span class='ocrx_word' id='word_1_304' title='bbox 1132 3527 1177 3563; x_wconf 79' lang='grc' dir='ltr'><strong><em>τε·</em></strong></span> 
     </span>
    </p>
   </div>
   <div class='ocr_carea' id='block_1_4' title="bbox 0 0 1242 3908">
    <p class='ocr_par' dir='ltr' id='par_1_4' title="bbox 0 0 1242 3908">
     <span class='ocr_line' id='line_1_33' title="bbox 0 0 1242 3908; baseline 0 0"><span class='ocrx_word' id='word_1_305' title='bbox 0 0 1242 3908; x_wconf 95' lang='lat' dir='ltr'><strong><em> </em></strong></span> 
     </span>
    </p>
   </div>
  </div>
 </body>
</html>
