2474 3908
514 149 703 202 APPENDIX.
1053 147 1116 211 387

107 291 230 355 mediae
254 290 457 376 longitudine
480 292 824 357 incommensurabiles
855 296 943 378 sunt,
970 293 1119 377 potentia

108 401 216 462 autem
239 399 369 462 tantum
392 399 710 483 commensurabiles,
734 402 767 464 et
788 421 900 464 rursus
920 399 1045 464 mediae
1064 419 1118 463 uo·

107 508 236 587 cantur,
268 503 344 587 quia
372 505 496 569 mediae
524 504 831 570 commensurabiles
859 508 936 569 sunt
962 506 1120 589 potentia,

107 612 140 673 et
163 609 249 674 inter
277 631 312 674 se
340 612 660 695 commensurabiles,
691 614 851 696 quatenus
880 611 1004 677 mediae
1033 616 1119 695 sunt,

108 716 413 780 commensurabiles
446 721 556 782 autem
588 719 675 782 inter
703 741 737 782 se
765 722 822 782 aut
849 717 1053 803 longitudine
1086 722 1119 782 et

107 822 256 906 potentia
279 826 336 886 aut
358 823 506 908 potentia
528 826 665 888 tantum.
704 827 737 888 et
761 824 789 888 si
812 824 1016 908 longitudine
1035 845 1119 889 com-

108 929 342 1015 mensurabiles
366 933 455 1012 sunt,
483 932 516 993 et
543 930 634 1015 ipsae
662 930 785 994 mediae
808 929 1011 1014 longitudine
1035 953 1119 995 com-

107 1035 341 1099 mensurabiles
373 1038 544 1119 uccantm,
580 1058 653 1101 cum
689 1058 747 1119 per
785 1058 819 1101 se
857 1040 1023 1120 sequatur,
1063 1058 1118 1101 eas

107 1141 255 1223 potentia
283 1163 411 1227 quoque
440 1143 750 1208 commensurabiles
778 1164 862 1228 esse3
894 1144 944 1207 sin
971 1145 1120 1226 potentia

108 1249 236 1311 tantum
273 1248 578 1315 commensurabiles
616 1253 709 1334 sunt,
746 1250 794 1316 sic
832 1270 957 1336 quoque
995 1249 1119 1314 mediae

108 1357 266 1418 uocantur
287 1357 435 1439 potentia
457 1361 584 1422 tanturn
608 1357 925 1423 commensurabiles.

175 1459 299 1525 Medias
323 1466 432 1526 autem
460 1463 771 1528 commensurabiles
800 1483 882 1548 esse,
916 1461 962 1526 sic
990 1459 1119 1525 demon·

109 1566 291 1631 strandum:
323 1568 478 1652 quoniam
502 1569 626 1634 mediae
651 1568 749 1634 alicui
772 1568 896 1633 mediae
920 1589 1120 1633 commensu-

108 1672 227 1737 rabiles
257 1678 347 1758 sunt,
383 1678 416 1738 et
448 1696 528 1758 quae
561 1675 665 1740 eidem
698 1662 1006 1739 commensurabilia
1034 1677 1119 1756 sunt,

108 1778 193 1842 inter
225 1800 259 1842 se
292 1798 420 1862 quoque
453 1779 756 1844 commensurabilia
790 1784 866 1845 sunt
900 1782 1004 1863 [prop.
1032 1777 1120 1863 XII],

109 1883 235 1948 mediae
260 1887 337 1948 sunt
359 1885 675 1949 commensurabiles.

420 2183 472 2249 nu
494 2185 567 2249 iar.
590 2079 632 2248 i
645 2207 735 2270 prop.
758 2157 815 2250 aa.

536 2289 696 2355 Lemma.

177 2414 272 2478 Datis
304 2412 427 2478 duobus
460 2415 603 2478 numeris
633 2414 668 2477 in
696 2415 811 2498 quauis
842 2416 968 2480 ratione
996 2419 1029 2479 et
1056 2417 1120 2480 alio

109 2521 249 2604 quodam
274 2542 408 2585 numero
434 2523 564 2604 oportet
588 2519 728 2604 efficere,
761 2526 798 2585 ut
826 2522 881 2605 sit,
908 2525 946 2585 ut
966 2544 1120 2587 uumerus

110 2626 151 2690 ad
173 2648 354 2711 numerum,
377 2627 424 2690 ita
447 2627 500 2692 hic
524 2627 564 2691 ad
587 2627 687 2691 aliurn
712 2627 880 2710 quendam.

179 2730 251 2796 Sint
269 2737 301 2795 A
307 2736 346 2814 B,
365 2734 428 2795 ΓΔ
450 2734 576 2797 numeri
600 2733 669 2799 dati
692 2732 851 2799 rationem
870 2733 1018 2816 quamuis
1036 2733 1121 2797 inter

111 2858 145 2900 se
168 2837 334 2920 habentes,
358 2838 441 2902 alius
466 2844 574 2904 autem
593 2839 712 2924 aliquis
731 2841 763 2902 Γ
765 2844 802 2902 Ε.
837 2841 968 2921 oportet
985 2836 1121 2922 efficere,

482 2944 566 3028 quod
590 2945 795 3028 propositum
818 2947 878 3008 est.

481 3106 485 3115 .
550 3049 749 3115 describatur
758 3049 845 3113 anim
856 3049 1120 3134 parallelogram-

421 3157 443 3205 B
483 3179 571 3221 mum
584 3156 807 3240 rectangulum
818 3158 1087 3223 AE=AF><T
1083 3160 1121 3238 E,

368 3284 394 3332 Δ
484 3266 516 3326 et
543 3263 649 3346 spatio
673 3267 743 3326 ΔΕ
768 3262 902 3346 aequale
925 3266 1032 3327 rectae
1054 3266 1120 3326 AB

484 3369 663 3453 adplicetur
691 3369 1035 3454 parallelogrammum
1059 3371 1120 3431 ΒΖ

483 3474 687 3540 latitudinem
730 3474 873 3539 efficiens
912 3480 944 3539 A
955 3478 991 3538 Ζ.
1055 3473 1119 3536 iam

907 3576 961 3632 25*

124 2999 414 3191 ΖΓ-
