2474 3908
167 156 232 222 288
554 155 755 208 ΣΤοιΧιιεοα
774 150 801 208 ι’.

168 306 235 385 ΑΙ,
256 303 322 366 ΖΚ
343 298 445 383 μέσον
470 300 569 366 ἐστίν.
611 295 724 381 πάλιν,
748 295 817 364 ἐπεὶ
841 293 1028 382 σύμμετρός
1051 291 1186 382 ἐστινή

168 413 239 473 ΔΕ
260 415 298 492 τῇ
323 411 397 472 ΕΗ
415 403 521 491 μήκει,
545 403 600 470 καὶ
624 400 644 489 ή
669 409 746 470 AH
765 399 829 490 άρα
854 402 991 490 ἑκατέρα
1014 404 1083 469 τῶν
1109 408 1187 487 ΔΕ,

168 518 242 579 ΕΗ
261 508 446 599 σύμμετρός
469 512 537 577 ἐστι
560 508 665 596 μήκει.
698 506 780 596 ῥητή
804 509 842 576 δὲ
864 505 885 595 ή
905 511 978 575 ΗΔ
1001 507 1057 573 καὶ
1082 505 1189 594 άσάμ·

168 643 286 705 μετρος
307 620 347 705 νή
367 623 435 685 ΑΓ
450 614 559 702 μήκει·
583 615 665 703 ῥητή
686 613 751 703 άρα
774 615 829 682 καὶ
853 614 989 701 ἑκατέρα
1012 624 1083 681 τῶν
1107 621 1188 701 ΔΕ,

134 748 150 796 5
169 730 242 791 ΕΗ
260 724 315 790 καὶ
339 721 548 810 άσάμμετρος
571 726 610 811 τή
630 727 699 790 ΑΓ
718 722 826 809 μήκει·
850 721 1008 808 ἑκάτερον
1032 718 1099 808 άρα
1117 732 1188 790 τῶν

169 837 246 916 ΔΘ,
266 837 335 898 ΕΚ
356 831 461 917 μέσον
485 832 583 897 ἐστίν.
619 830 675 896 καὶ
700 829 769 896 ἐπεὶ
789 830 826 895 αἱ
842 834 925 913 ΑΗ,
943 833 1018 894 HA
1042 828 1188 914 δυνάμει

168 935 276 1023 μόνον
300 934 484 1023 σύμμετροί
504 939 606 1019 εἰσιν,
630 933 839 1023 ἀσύμμετρος
862 931 928 1021 άρα
952 934 1020 1000 ἐστὶ
1044 932 1143 1020 μήκει
1167 931 1188 1021 ή

34 1033 38 1043 ’
168 1049 243 1109 ΑΗ
261 1052 301 1130 τῇ
320 1049 402 1110 HA.
439 1039 512 1109 ἀλλ’
538 1040 559 1129 ή
584 1040 645 1127 μὲν
665 1048 742 1108 ΑΗ
758 1050 798 1129 τῇ
819 1047 884 1107 ΑΖ
909 1038 1097 1129 σύμμετρός
1117 1043 1188 1109 ἐστι

168 1147 275 1235 μήκει,
299 1148 319 1234 ή
340 1148 378 1216 δὲ
397 1155 471 1215 AH
491 1151 531 1237 νή
550 1154 631 1215 ΕΗ·
654 1144 864 1236 ἀσύμμετρος
883 1145 949 1234 άρα
969 1145 1059 1214 ἐστὶν
1079 1143 1100 1233 ή
1121 1154 1189 1214 ΑΖ

118 1277 150 1326 10
169 1259 208 1342 τή
228 1261 302 1322 ΕΗ
315 1252 420 1340 μήκει.
457 1251 503 1334 ὡς
522 1254 559 1322 δὲ
578 1251 599 1340 ή
620 1261 685 1322 ΑΖ
708 1252 792 1342 πρὸς
810 1256 872 1340 τήν
886 1259 966 1338 ΕΗ,
990 1251 1098 1332 οὕτως
1118 1254 1188 1321 ἐστὶ

168 1362 205 1441 τὸ
234 1366 293 1426 ΑΙ
318 1358 404 1445 πρὸς
431 1357 468 1428 τὸ
496 1366 577 1427 ΕΚ·
620 1357 834 1447 ἀσύμμετρον
867 1356 932 1447 άρα
965 1357 1033 1425 ἐστὶ
1062 1357 1099 1426 τὸ
1130 1366 1191 1426 ΑΙ

168 1470 213 1557 τῷ
238 1472 314 1533 ΕΚ.

236 1569 438 1638 Συνεστάτω
467 1562 530 1638 οὖν
560 1574 605 1660 τῷ
635 1571 696 1658 μὲν
719 1577 778 1637 ΑΙ
804 1579 879 1638 ἴσον
906 1569 1119 1657 τετράγωνον
1147 1569 1185 1640 τὸ

169 1684 200 1744 Λ
206 1684 255 1763 Μ,
273 1682 319 1768 τῷ
340 1675 377 1743 δὲ
397 1683 464 1743 ΖΚ
480 1685 555 1744 ἴσον
575 1675 765 1765 ἀφῃρήσθω
779 1675 816 1745 τὸ
833 1683 872 1743 Ν
873 1679 903 1754 Ξ
914 1676 988 1765 περὶ
1003 1674 1065 1763 τήν
1079 1673 1187 1763 αὐτήν

117 1806 149 1854 15
169 1788 297 1869 γωνίαν
321 1778 361 1852 ὂν
384 1793 430 1874 τῷ
455 1789 544 1849 ΛΜ·
581 1781 658 1870 περὶ
685 1781 746 1868 τήν
776 1781 882 1869 αὐτήν
910 1780 976 1870 άρα
1004 1781 1187 1871 διάμετρόν

170 1887 300 1956 ἐστιτὰ
325 1895 412 1973 ΛΜ,
435 1890 511 1965 ΝΞ.
546 1893 629 1955 ἔστω
652 1885 766 1956 αὐτῶν
790 1888 967 1977 διάμετρος
990 1886 1011 1975 ή
1037 1895 1107 1974 ΟΡ,
1132 1889 1187 1956 καὶ

169 1993 436 2084 καταγεγράφθω
460 1993 497 2063 τὸ
522 1998 639 2081 σχήμα.
687 1994 756 2063 ἐπεὶ
781 1986 904 2064 οὖντὸ
929 1993 994 2062 ὑπὸ
1017 1999 1088 2064 τάν
1111 2004 1145 2063 Α
1151 2003 1187 2081 Ζ,

170 2109 243 2170 ΖΗ
261 2111 336 2170 ἴσον
361 2102 429 2169 ἐστὶ
452 2105 498 2192 τῷ
522 2100 588 2169 άπὸ
613 2106 671 2188 τής
695 2108 780 2186 ΕΗ,
804 2105 895 2168 ἔστιν
919 2100 985 2190 άρα
1009 2098 1053 2180 ὡς
1076 2098 1097 2187 ή
1122 2109 1187 2169 ΑΖ

170 2206 255 2295 πρὸς
277 2207 338 2294 τήν
362 2215 443 2294 ΕΗ,
468 2206 573 2288 οὕτως
596 2206 616 2294 ή
642 2214 716 2276 ΕΗ
733 2206 816 2296 πρὸς
838 2207 900 2294 τήν
924 2215 999 2277 ΖΗ.
1041 2204 1116 2275 ἀλλ’
1145 2206 1188 2289 ὡς

118 2338 152 2386 20
172 2313 234 2400 μὲν
257 2310 277 2399 ή
300 2321 365 2380 ΑΖ
388 2312 472 2402 πρὸς
494 2310 556 2400 τήν
579 2320 659 2399 ΕΗ,
684 2311 790 2393 οὕτως
813 2314 882 2382 ἐστὶ
905 2311 942 2381 τὸ
962 2321 1023 2381 ΑΙ
1042 2312 1127 2403 πρὸς
1150 2313 1188 2382 τὸ

171 2427 251 2488 ΕΚ·
275 2416 320 2500 ὡς
343 2419 380 2488 δὲ
403 2417 424 2508 ή
448 2427 522 2488 ΕΗ
539 2419 624 2509 πρὸς
645 2417 709 2506 τήν
732 2427 810 2506 ΖΗ,
835 2418 942 2500 οὕτως
965 2421 1033 2488 ἐστὶ
1057 2417 1094 2488 τὸ
1118 2428 1191 2490 ΕΚ

170 2524 254 2613 πρὸς
276 2524 314 2593 τὸ
340 2532 418 2592 ΖΚ·
441 2525 497 2592 καὶ
517 2524 561 2606 ὡς
584 2524 649 2614 άρα
672 2523 710 2594 τὸ
734 2533 795 2594 ΑΙ
814 2523 898 2615 πρὸς
920 2523 958 2594 τὸ
978 2532 1056 2612 ΕΚ,
1081 2523 1190 2606 οὕτως

171 2628 208 2697 τὸ
233 2636 301 2696 ΕΚ
323 2635 407 2719 πρὸς
429 2629 466 2698 τὸ
493 2638 571 2698 ΖΚ·
607 2636 676 2700 των
699 2630 765 2720 άρα
789 2638 861 2718 ΑΙ,
886 2637 953 2698 ΖΚ
978 2631 1081 2717 με’σον
1104 2629 1190 2700 άνά-

171 2734 274 2823 λογόν
297 2737 365 2804 ε’στι
388 2734 426 2804 τὸ
447 2742 522 2804 ΕΚ.
556 2742 624 2804 ἔστι
649 2738 686 2805 δὲ
709 2738 764 2805 καὶ
787 2749 855 2805 τῶν
879 2743 965 2824 ΛΜ,
984 2740 1055 2816 ΝΞ
1074 2763 1189 2828 τετρα-

118 2869 152 2917 25
171 2841 291 2930 γάνων
320 2844 423 2930 μέσον
451 2840 622 2930 άνάλογον
650 2841 688 2911 τὸ
712 2851 804 2911 ΜΝ·
845 2849 905 2911 καί
929 2845 1020 2912 ἐστιν
1047 2852 1124 2912 ἴσον
1149 2871 1187 2914 το

171 2950 232 3037 μὲν
254 2957 314 3045 ,ΑΙ
335 2954 380 3041 τῷ
400 2956 487 3036 ΛΜ,
511 2951 548 3018 τὸ
573 2948 610 3018 δὲ
630 2956 697 3017 ΖΚ
717 2954 762 3042 τῷ
787 2952 866 3027 ΝΞ·
889 2949 945 3018 καὶ
968 2948 1005 3018 τὸ
1029 2957 1099 3018 ΕΚ
1120 2949 1190 3040 άρα

244 3152 268 3199 1.
284 3139 371 3215 ἐστίν]
388 3142 448 3198 ἐστι’
459 3144 548 3209 PBV,
564 3161 653 3214 comp.
668 3144 723 3200 Fb.
780 3141 867 3286 ἒσιιιή
884 3141 943 3200 ἐστι
961 3144 995 3201 V.
1050 3150 1075 3199 3.
1091 3143 1188 3218 μήκει]

172 3231 227 3269 om.
245 3217 277 3268 B.
351 3219 413 3268 ΔΗ
434 3216 471 3282 Ε,
497 3219 555 3268 HA
574 3216 603 3270 in
622 3233 674 3270 ras.
694 3217 727 3272 V.
801 3222 826 3271 4.
863 3213 968 3287 ητή-
989 3222 1013 3272 ὅ.
1033 3213 1118 3286 μήκει
1152 3235 1188 3271 m.

172 3285 239 3340 ΖΒ.
317 3290 341 3338 5.
366 3280 569 3371 καιὲκοήτερον
593 3286 626 3341 V.
704 3293 729 3343 6.
754 3287 826 3359 ΕΚ]
853 3289 910 3343 ΘΚ
931 3287 962 3342 Ρ.
1003 3354 1010 3373 ,
1042 3217 1189 3356 {mlh

173 3355 341 3482 ωῗιῖιῖή·
411 3358 728 3498 ήήῖῗήεῗῆάάωὲ
742 3357 829 3500 Ἐν]
849 3356 1189 3485 Ἷιιῗξσὶειῗμήπὲἓῖάι·

172 3498 235 3553 add.
255 3495 340 3568 μήκει
358 3515 395 3553 m.
415 3503 439 3552 2.
514 3471 589 3569 ΗΔ]
614 3469 676 3553 AH
690 3470 736 3556 P.¹
795 3495 856 3555 ια’
878 3531 912 3542 -
931 3506 955 3558 9.
974 3472 1008 3571 πή
1028 3469 1106 3572 ΕἨ]
1132 3520 1188 3574 mg.
