2474 3908
150 162 216 228 202
536 165 738 218 ΣΤΟΙΧΕΙΩΝ
757 161 784 220 ι’.

210 304 257 373 Ἡ
271 303 334 390 γὰρ
357 312 427 372 ΑΕ
452 310 510 392 τῆς
533 312 596 373 ΕΒ
619 311 731 393 μεῖζον
759 305 901 374 δύναται
927 304 1002 394 ἤτοι
1030 312 1077 399 τῷ
1102 305 1167 376 ἀπὸ

150 413 340 499 συμμέτρου
363 411 463 499 ἑαυτῇ
486 406 507 498 ἢ
530 415 575 502 τῷ
600 410 665 480 ἆτιὸ
694 410 915 501 ἀσυμμέτρου.
962 416 994 480 εέ
1015 411 1080 499 μὲν
1104 405 1170 482 οὖν

149 515 169 605 ἡ
205 524 275 585 ΑΕ
304 520 363 605 τῆς
392 525 455 585 ΕΒ
487 524 599 606 μεῖζον
632 517 773 587 δύναται
805 523 850 610 τῷ
879 517 945 587 ἆτιὸ
975 521 1171 607 συμμέτρου

149 624 264 711 ἑαυτῇ,
297 625 353 692 καὶ
379 622 400 711 ἡ
429 630 489 692 ΓΖ
516 629 576 711 τῆς
599 632 666 693 ΖΔ
689 633 800 713 μεῖζον
823 625 1003 714 δυνήσεται
1026 635 1073 718 τῷ
1100 622 1167 694 ἀπὸ

113 752 130 801 5
150 731 339 818 συμμέτρου
362 731 474 818 ἑαυτῇ.
518 730 573 798 καὶ
597 736 628 800 εἰ
648 732 711 821 μὲν
734 732 921 822 σύμμετρός
944 734 1035 801 ἐστιν
1058 729 1080 820 ἡ
1102 740 1173 801 ΑΕ

147 840 188 924 τῇ
212 838 382 926 ἐκκειμένῃ
405 840 503 926 ῥητῇ,
530 840 586 905 καὶ
608 835 629 926 ἡ
654 844 714 906 ΓΖ
738 838 924 927 σύμμετρος
951 833 1036 928 αὐτῇ
1061 843 1169 926 ἔσται,

146 943 203 1011 καὶ
227 947 284 1010 δια
306 948 406 1013 τοῦτο
430 945 567 1033 ἑκατέρα
584 949 653 1013 τῶν
671 952 749 1031 ΑΒ,
764 951 832 1012 ΓΛ
850 945 968 1014 ἐκδύο
988 943 1171 1033 ὀνομάτων

148 1051 216 1118 ἐστὶ
240 1049 368 1137 πρώτῃ,
400 1052 550 1118 τουτέστι
576 1053 617 1140 τῇ
645 1049 734 1132 τάξει
756 1050 777 1138 ἡ
802 1048 896 1140 αὐτή.
942 1056 973 1119 εέ
995 1048 1077 1138 ὀέἡ
1105 1060 1170 1122 ΕΒ

148 1156 333 1244 σύμμετρός
361 1159 429 1225 ἐστι
456 1160 496 1245 τῇ
526 1157 696 1246 ἐκκειμένῃ
725 1160 825 1246 ῥητῇ,
858 1156 914 1225 καὶ
942 1155 964 1245 ἡ
989 1164 1057 1224 ΖΔ
1086 1157 1172 1247 σύμ-

96 1285 130 1334 10
148 1263 266 1350 μετρός
294 1265 384 1332 ἐστιν
412 1260 512 1353 αὐτῇ,
544 1263 600 1332 καὶ
629 1261 685 1331 διὰ
714 1267 813 1332 τοῦτο
841 1265 944 1332 πάλιν
966 1268 1006 1354 τῃ
1030 1263 1168 1352 τάξειὴ

148 1367 232 1455 οιότὴ
256 1374 346 1436 ἔσται
368 1372 409 1456 τῃ
433 1377 511 1437 ΑΒ·
542 1369 678 1456 ἑκατέρα
700 1370 765 1455 γὰρ
790 1366 902 1438 αὐτῶν
926 1374 1018 1438 ἐσται
1043 1372 1078 1438 ἐκ
1104 1370 1170 1440 δύο

148 1471 325 1559 ὀνομάτων
348 1478 496 1564 δευτέρα.
533 1481 564 1544 εί
586 1476 623 1544 δὲ
643 1472 801 1563 οὐδετέρα
819 1478 888 1544 τῶν
906 1484 984 1562 ΑΒ,
998 1483 1064 1544 ΕΒ
1084 1476 1170 1564 σύμ-

147 1578 266 1668 μετρός
288 1581 356 1647 ἐστι
375 1584 414 1670 τῇ
435 1584 603 1672 ἐκκειμένῃ
623 1584 717 1671 ῥῃτῃ,
741 1579 902 1668 οὐδετέρα
919 1586 988 1651 τῶν
1008 1588 1081 1669 ΓΖ,
1100 1590 1170 1650 ΖΛ

147 1688 332 1774 σύμμετρος
355 1683 438 1775 αὐτῇ
463 1693 565 1774 ἔσται,
588 1694 647 1756 καί
662 1691 752 1757 ἐστιν
775 1688 913 1777 ἑκατέρα
931 1694 1037 1777 τρίτη.
1074 1693 1107 1757 εἰ
1131 1689 1168 1759 δέ

95 1816 127 1865 15
146 1790 173 1881 ἡ
196 1801 266 1861 ΑΕ
294 1795 353 1879 τῆς
379 1801 442 1862 ΕΒ
475 1802 587 1882 μεῖζον
616 1794 757 1863 δύναται
783 1798 828 1885 τῷ
858 1791 923 1863 ἀπὸ
948 1792 1168 1883 ἀσυμμέτρου

147 1901 258 1990 ἑαυτῇ,
276 1900 332 1968 καὶ
350 1899 371 1988 ἡ
391 1908 451 1970 ΓΖ
468 1907 527 1989 τῆς
546 1909 612 1970 ΖΔ
630 1908 741 1989 μεῖζον
756 1901 899 1971 δύναται
911 1906 958 1994 τῷ
972 1899 1039 1971 ὀκὸ
1059 1898 1168 1989 ιἰσυμ-

146 2007 269 2096 μέτρου
293 2007 401 2098 ἑαυτῇ.
446 2009 501 2076 καὶ
531 2013 561 2076 εί
587 2008 649 2095 μὲν
676 2006 698 2096 ἡ
721 2015 791 2077 ΑΕ
817 2008 1002 2097 σύμμετρός
1030 2011 1101 2077 ἐστι
1126 2014 1166 2098 τῇ

146 2115 315 2203 ἐκκειμένῃ
339 2117 433 2204 ῥῃτῃ,
456 2113 511 2182 καὶ
536 2112 556 2201 ἡ
580 2119 640 2181 ΓΖ
664 2102 850 2201 σύμμετρός
872 2115 963 2182 ἐστιν
986 2113 1084 2204 αὐτῇ,
1108 2143 1168 2185 κοιι

146 2221 236 2288 ἐστιν
265 2220 402 2305 ἑκατέρα
424 2218 571 2306 τετάρτῃ.
617 2223 648 2288 εἰ
670 2219 707 2287 δὲ
730 2217 751 2305 ἡ
775 2227 853 2305 ΕΒ,
875 2220 932 2287 καὶ
954 2217 975 2306 ἡ
1000 2227 1083 2307 ΖΔ,
1108 2223 1167 2291 καὶ

92 2349 127 2399 20
146 2329 237 2393 ἔσται
261 2326 397 2410 ἕκιιτέροι
419 2327 556 2412 πέμκτη.
601 2329 633 2394 εἰ
655 2324 692 2393 δὲ
715 2323 875 2413 οὐδετέρα
897 2329 966 2394 τῶν
988 2334 1068 2413 ΑΕ,
1087 2335 1165 2416 ΕΒ,

145 2432 291 2499 καὶτῶν
314 2436 389 2514 ΓΖ,
414 2436 480 2496 ΖΔ
508 2428 668 2518 οὐδετέρα
696 2429 880 2518 σύμμετρός
904 2433 973 2500 ἐστι
995 2436 1035 2521 τῇ
1062 2435 1165 2502 ἐκκει·

146 2538 228 2624 μένῃ
252 2537 345 2624 ῥητῇ,
368 2534 424 2601 καὶ
444 2541 534 2604 έστοιι
557 2536 695 2623 ἑκατέρα
718 2537 803 2623 ἕκτῃ.

203 2640 303 2708 Ὥστε
331 2638 351 2728 ἡ
379 2645 419 2730 τῇ
449 2640 570 2709 ἐκδύο
595 2639 769 2728 ὀνομάτων
792 2641 889 2730 μήκει
913 2643 1102 2734 σύμμετρος
1126 2648 1165 2716 ἐκ

217 2880 241 2928 1.
260 2871 330 2944 ΑΕ]
350 2888 418 2927 corr.
438 2888 473 2927 ex
491 2877 541 2926 AB
560 2872 681 2928 mlv.
763 2873 829 2945 τῆς]
848 2891 917 2929 corr.
937 2890 971 2929 ex
988 2876 1022 2946 τῇ
1042 2877 1163 2935 ΜΕ.

181 2951 205 2998 2.
224 2941 423 3014 ἀσυμμέτρου]
447 2959 516 2998 corr.
536 2960 570 2998 ex
588 2942 746 3014 συμμέτρου
772 2964 808 3001 m.
828 2951 844 3000 2
863 2944 894 3000 B.
970 2945 1009 3019 εἰ]
1035 2963 1107 3006 corr.
1128 2966 1162 3005 ex

275 3021 300 3139 ι
319 3016 380 3140 ν
401 3031 524 3139 ον
684 3016 719 3140 ι
1076 3035 1164 3145 υ.

144 3103 263 3224 ὀήσῃται
281 3159 308 3212 b.
343 3128 388 3211 '5.
407 3085 587 3225 οἶόυμῗιςέτρου
606 3129 660 3212 Βο.
702 3107 740 3215 ῃῖ.
762 3130 825 3230 ΓΔ]
844 3129 944 3228 μοετεε
961 3128 1076 3229 add.‘1‹³‚
1096 3111 1163 3217 deizl

145 3226 199 3283 del.
219 3232 279 3282 ΒΓ.
316 3292 323 3312 ε
357 3234 381 3282 8.
407 3223 453 3348 εἰΙ]
476 3226 644 3309 μοεῐεμὶυε.
664 3226 693 3283 F.
771 3235 795 3285 9.
807 3234 869 3313 ¹AZ
894 3230 949 3288 Fb.
1030 3237 1072 3287 10.
1091 3230 1162 3288 Post

145 3294 221 3353 ἐστιν
240 3298 326 3365 dela]
346 3302 413 3351 m.1
452 3336 458 3350 .
522 3297 618 3367 τουτο]
639 3315 707 3352 corr.
723 3317 757 3354 ex
771 3319 820 3355 του
839 3301 952 3355 mm.
1009 3307 1051 3357 11.
1068 3301 1161 3374 ἔσται]

144 3369 185 3437 (al
199 3372 216 3438 .)
238 3364 296 3422 ἐστι
314 3367 343 3431 b,
363 3384 416 3421 om.
435 3366 468 3421 V.
525 3373 566 3422 12.
588 3363 646 3422 ἐστι
665 3368 785 3440 δευτέρα
803 3371 836 3426 V.
891 3366 921 3426 δ’
941 3370 970 3424 F.
1027 3379 1070 3430 13.
1090 3367 1161 3431 οόὀὶ

144 3435 283 3507 οὐδετέρα
301 3437 358 3492 BF.
432 3443 473 3493 14.
493 3439 581 3509 τρίτῃ]
602 3436 671 3508 ὁῃτή
690 3440 717 3495 b.
792 3439 820 3496 εἰ
836 3438 868 3496 δὲ
887 3438 917 3513 ἡ]
938 3438 954 3511 ἡ
974 3443 1007 3498 δέ
1025 3444 1054 3500 b.
1118 3450 1161 3503 15.

143 3508 205 3581 τῆς]
225 3525 294 3563 corr.
309 3523 343 3562 ex
360 3513 394 3578 τῇ
413 3526 450 3563 m.
466 3515 482 3563 2
500 3508 530 3564 F.
586 3511 745 3582 συμμέτρου
762 3512 822 3582 ΒΕ,
842 3515 891 3572 sed
905 3530 975 3570 corr.
1031 3520 1074 3573 16.
1095 3516 1162 3588 ΖΔ]
