2474 3908
166 191 230 254 154
550 190 751 242 ΣΤοιΧιιιιιΝ
770 185 795 241 ι.

165 330 182 400 6
212 342 245 401 A
273 331 356 421 πρὸς
384 330 445 400 τὸν
473 338 537 398 ΑΒ
566 329 685 415 λόγον,
719 326 761 398 ὃν
788 327 1002 416 ,τετράγωνος
1034 323 1184 414 ἀριθμὸς

164 439 248 523 πρὸς
274 436 485 523 τετράγωνον
515 433 678 522 ἀριθμόν,
706 431 786 504 οὐδὲ
814 438 852 504 τὸ
881 432 946 502 ιἰιιὸ
975 437 1034 520 τής
1062 441 1095 501 Ε
1116 431 1183 521 ἅμα

164 546 245 632 πρὸς
267 542 305 610 τὸ
330 541 395 612 ἀπὸ
419 547 480 629 τής
503 549 575 609 ΖΗ
593 540 696 626 λόγον
720 546 796 628 ἔχει,
821 538 862 609 ὃν
885 539 1093 627 τετράγωνος
1111 537 1183 626 ἄρι-

163 649 252 737 θμὸς
280 648 362 739 πρὸς
391 647 602 737 τετράγωνον
630 646 792 736 ἀριθμόν·
829 644 1040 733 ἀσύμμετρος
1067 644 1136 732 ἅμα
1162 644 1183 734 ή

131 779 147 828 5
166 763 197 822 E
217 759 256 844 τή
281 763 353 823 ΖΗ
371 757 474 842 μήκει.
520 756 685 841 γεγονέτω
710 751 752 840 δή
775 753 877 821 πάλιν
900 749 944 832 ὡς
968 749 985 820 6
1011 759 1078 820 BA
1098 752 1186 840 πρὸς

163 859 223 930 τὸν
246 865 321 949 ΑΓ,
345 859 450 942 οὕτως
468 861 506 930 τὸ
527 858 592 929 ιἰιιὸ
612 864 671 946 τής
690 867 761 927 ΖΗ
775 859 858 947 πρὸς
876 858 914 927 τὸ
938 855 1004 927 ιἰιιὸ
1027 863 1087 946 τῆς
1105 866 1183 928 ΗΘ.

165 968 354 1058 σύμμετρον
377 967 502 1053 ἄρατὸ
527 965 592 1035 ἀπὸ
615 971 674 1054 τῆς
692 974 764 1034 ΖΗ
777 969 823 1056 τῷ
848 963 912 1035 ἀπὸ
934 969 993 1052 τής
1012 972 1089 1034 ΘΗ.
1126 969 1184 1054 ῥη·

163 1074 224 1144 τὸν
248 1073 375 1164 ἄρατὸ
398 1072 464 1143 ἀπὸ
488 1079 546 1161 τῆς
569 1081 649 1142 ΘΗ·
679 1071 761 1161 ῥητή
786 1071 852 1160 ἅμα
874 1070 895 1159 ή
919 1079 995 1140 ΘΗ.
1032 1073 1089 1139 καὶ
1113 1073 1185 1141 ἐπεὶ

165 1179 182 1248 6
208 1188 275 1249 BA
299 1180 381 1268 πρὸς
408 1179 468 1248 τὸν
491 1187 560 1248 ΑΓ
579 1180 682 1265 λόγον
712 1176 775 1247 οὐκ
798 1183 878 1264 ἔχει,
911 1175 951 1245 ὃν
973 1177 1185 1264 τετράγωνος

113 1309 146 1358 10
165 1284 310 1375 ἀριθμὸς
336 1283 420 1373 πρὸς
447 1286 657 1372 τετράγωνον
681 1283 842 1371 ἀριθμόν,
867 1280 1007 1352 οὐδὲτὸ
1032 1282 1098 1353 ἀπὸ
1123 1290 1185 1373 τής

165 1398 238 1459 ΖΗ
255 1392 339 1480 πρὸς
362 1391 399 1458 τὸ
423 1389 489 1460 ἀπὸ
512 1395 569 1477 τής
592 1399 660 1459 ΗΘ
683 1391 786 1477 λόγον
810 1395 887 1478 ἔχει,
911 1386 952 1458 ὃν
974 1390 1185 1478 τετράγωνος

164 1495 310 1584 ἀριθμὸς
337 1495 421 1584 πρὸς
445 1497 656 1582 τετράγωνον
679 1495 842 1584 ἀριθμόν·
879 1494 1088 1585 ἀσύμμετρος
1116 1497 1184 1586 ἅμα

165 1603 255 1670 ἐστὶν
284 1600 305 1690 ἡ
330 1610 400 1670 ΖΗ
418 1605 457 1691 τή
482 1609 551 1669 ΗΘ
574 1601 678 1688 μήκει.
720 1606 757 1669 αἱ
784 1609 865 1688 ΖΗ,
894 1609 962 1670 ΗΘ
989 1601 1055 1691 ἅμα
1084 1605 1188 1692 ῥηταί

164 1713 228 1776 εἰσι
253 1707 393 1796 δυνάμει
416 1707 523 1795 μόνον
549 1706 742 1796 σύμμετροι·
767 1712 802 1776 ἐκ
827 1708 889 1778 δύο
913 1707 979 1795 ἄρα
1002 1707 1183 1797 ὀνομάτων

112 1837 145 1885 15
165 1816 254 1882 ἐστὶν
278 1814 298 1902 ἡ
324 1822 392 1883 ΖΘ.

231 1924 391 1990 Δεικτέον
416 1923 469 2009 δή,
495 1919 545 1990 ὅτι
568 1921 624 1989 καὶ
648 1924 731 2008 ἕκτη.

162 2107 165 2113 ¹
227 2028 316 2097 Ἐπεὶ
338 2028 403 2117 γάρ
428 2032 517 2097 ἐστιν
542 2025 586 2108 ὡς
610 2026 627 2096 6
655 2036 687 2095 A
710 2032 794 2114 πρὸς
816 2027 876 2097 τὸν
901 2036 980 2115 AB,
1013 2026 1120 2110 οὕτως
1143 2029 1183 2099 τὸ

163 2133 228 2204 ἄιτὸ
257 2139 315 2223 τής
338 2143 370 2203 Ε
390 2135 472 2220 πρὸς
499 2135 537 2203 τὸ
567 2132 631 2202 ἀπὸ
661 2138 718 2222 τῆς
743 2142 824 2221 ΖΗ,
854 2140 923 2203 ἔστι
952 2135 1067 2204 δὲκαὶ
1092 2133 1138 2216 ὡς
1163 2133 1181 2205 6

164 2250 230 2310 BA
252 2241 335 2329 πρὸς
362 2241 423 2310 τὸν
445 2248 525 2326 ΑΓ,
555 2239 660 2321 οὕτως
686 2240 723 2309 τὸ
753 2239 819 2310 ιἰιιὸ
847 2247 907 2328 τής
935 2249 1006 2309 ΖΗ
1030 2241 1115 2327 πρὸς
1143 2242 1181 2312 τὸ

110 2367 145 2416 20
164 2346 229 2416 ἀπὸ
249 2351 307 2434 τής
325 2354 404 2432 ΗΘ,
425 2345 469 2414 δι’
491 2354 568 2414 ἴσον
587 2345 653 2434 ἅμα
673 2347 763 2415 ἐστὶν
782 2344 827 2427 ὡς
847 2345 864 2416 6
882 2356 914 2415 A
932 2348 1015 2436 πρὸς
1028 2347 1091 2417 τὸν
1104 2354 1181 2437 ΑΓ,

164 2451 270 2533 οὕτως
296 2452 334 2521 τὸ
363 2449 428 2520 ιἰιιὸ
455 2456 513 2538 τῆς
536 2459 568 2519 Ε
589 2450 670 2540 πρὸς
692 2451 730 2521 τὸ
755 2451 820 2522 ιἰιιὸ
845 2458 904 2541 τής
927 2461 1004 2523 ΗΘ.
1042 2452 1059 2523 ὁ
1085 2455 1123 2523 δὲ
1147 2463 1182 2523 A

162 2558 247 2646 πρὸς
268 2557 329 2626 τὸν
344 2566 376 2625 Α
382 2564 413 2625 Γ
427 2556 530 2644 λόγον
555 2555 617 2626 οὐκ
640 2563 716 2646 ἔχει,
741 2555 782 2626 ὃν
804 2558 1011 2649 τετράγωνος
1033 2558 1183 2650 ἀριθμὸς

163 2662 247 2750 πρὸς
273 2663 484 2752 τετράγωνον
512 2662 675 2753 ἀριθμόν·
712 2664 794 2735 οὐδὲ
820 2666 859 2734 τὸ
890 2663 955 2736 &ab
979 2672 1038 2755 τής
1060 2676 1093 2736 Ε
1113 2666 1182 2756 ἅμα

162 2794 247 2859 κμος
264 2769 307 2839 τὸ
331 2768 397 2840 ιἰιιὸ
420 2775 478 2857 τῆς
496 2777 564 2839 ΗΘ
584 2770 687 2859 λόγον
708 2777 782 2860 ἔχει,
806 2769 846 2841 ὃν
860 2773 1070 2861 τετράγωνος
1083 2773 1182 2864 ἀριθ-

109 2898 144 2947 25
162 2876 225 2964 μὸς
238 2876 320 2968 πρὸς
333 2879 543 2965 τετράγωνον
560 2874 722 2965 ἀριθμόν·
743 2876 952 2967 ἀσύμμετρος
967 2878 1033 2968 ἅμα
1050 2881 1143 2948 ἐστὶν
1159 2879 1181 2969 ἡ

162 2992 194 3052 Ε
213 2990 253 3074 τή
277 2992 346 3053 ΗΘ
369 2982 474 3071 μήκει.
512 2987 647 3072 ἐδείχθη
673 2985 710 3053 66
732 2986 787 3053 καὶ
810 2990 849 3075 τή
870 2992 939 3053 ΖΗ
957 2985 1181 3074 ἀσύμμετρος·

163 3090 300 3178 ἑκατέρα
319 3089 384 3176 ἄρα
402 3102 471 3158 τῶν
486 3098 564 3178 ΖΗ,
579 3099 647 3160 ΗΘ
666 3091 878 3180 ἀσύμμετρός
893 3094 961 3160 ἐστι
975 3097 1014 3182 τή
1030 3101 1062 3161 Ε
1073 3091 1181 3180 μήκει.

163 3194 219 3261 καὶ
243 3197 316 3262 ἐκεί
337 3197 426 3263 ἐστιν
449 3194 494 3276 ὡς
518 3195 536 3264 ὁ
556 3204 621 3265 BA
639 3200 720 3286 πρὸς
744 3201 804 3267 τὸν
824 3206 899 3285 ΑΓ,
924 3197 1030 3279 οὕτως
1051 3197 1089 3267 τὸ
1112 3195 1180 3268 ἀπὸ

162 3304 221 3386 τῆς
240 3308 312 3367 ΖΗ
326 3303 409 3388 πρὸς
431 3300 469 3370 τὸ
493 3300 559 3370 ἄκὸ
582 3314 640 3391 τῆς
659 3311 737 3391 ΗΘ,
756 3311 869 3392 μεῖζον
893 3302 1013 3393 ἄρατὸ
1032 3301 1098 3375 ιἰτιὸ
1121 3310 1182 3393 τής

236 3467 259 3515 7.
279 3456 333 3514 ἅσύ
356 3478 457 3529 μετρον
476 3461 511 3530 F,
535 3463 583 3517 sed
607 3479 677 3518 corr.
757 3465 832 3535 ΘΗ]
856 3464 886 3518 in
910 3480 963 3520 ras.
984 3464 1021 3531 V,
1047 3467 1106 3519 ΗΘ
1124 3464 1181 3521 Pb.

162 3529 271 3586 Deinde
287 3531 322 3585 ad
345 3571 351 3584 .
367 3526 453 3600 ήήτόν
468 3531 499 3588 δὲ
514 3529 546 3588 τὸ
562 3529 619 3589 ἀπὸ
634 3535 683 3603 τῆς
698 3539 755 3589 ΖΗ
767 3535 865 3590 Theon
880 3534 1016 3604 (BFVb).
1081 3541 1106 3590 8.
1122 3532 1181 3604 ἄρα
