2474 3908
129 174 196 239 304
516 175 718 228 ΣΤοιΧοῐοα
737 171 762 227 ι’.
824 132 830 141 ’

128 326 187 386 ΑΙ
208 328 253 409 τῷ
274 323 349 399 ΖΚ,
374 314 587 403 ἀσύμμετρον
610 315 676 405 άρα
698 316 754 383 καὶ
781 314 819 383 τὸ
844 314 909 383 άπὸ
925 326 994 401 τῆς
1014 321 1081 382 ΛΟ
1105 320 1150 409 τῷ

128 422 194 493 άπὸ
219 427 277 510 τῆς
302 430 383 491 ΟΝ·
420 427 458 490 αἱ
478 429 559 507 ΛΟ,
585 429 656 489 ΟΝ
676 421 742 510 άρα
766 421 916 509 δυνάμει
932 423 1021 490 εἰσὶν
1045 421 1153 510 άσύμ·

128 558 243 619 μετροι
266 535 426 599 ποιοῦσαι
449 528 488 597 τό
511 556 546 597 τε
570 535 789 616 συγκείμενον
809 531 844 598 ἐκ
867 532 935 596 των
959 525 1016 595 ἀπ’
1035 527 1153 598 αὐτῶν

128 637 349 725 τετραγώνων
373 638 476 723 μέσον
499 637 555 704 καὶ
578 634 616 705 τὸ
637 636 689 716 δὶς
706 633 763 704 ὑπ’
785 634 899 704 αὐτῶν
918 636 1023 721 μέσον
1048 641 1099 704 ἔτι
1119 663 1154 705 τε

95 759 111 808 ο
130 748 170 813 τὰ
191 745 246 812 ἀπ’
266 742 379 812 αὐτῶν
398 742 590 831 τετράγωνα
605 741 800 830 ἀσύμμετρα
817 752 863 833 τῷ
884 742 936 822 δὶς
949 740 1007 810 ὑπ’
1027 741 1155 812 αὐτῶν.

129 849 150 938 ή
184 849 250 938 άρα
278 857 353 917 ΛΝ
382 848 504 936 άλογός
532 851 621 917 ἐστιν
654 847 674 936 ή
708 850 897 935 καλουμένη
930 847 1013 935 μετὰ
1046 851 1155 936 μέσου

130 958 233 1044 μέσον
256 960 293 1025 τὸ
320 954 401 1024 ὅλον
425 959 584 1025 ποιοῦσα·
616 955 672 1023 καὶ
697 957 838 1023 δύναται
860 953 898 1023 τὸ
923 963 989 1023 ΑΒ
1013 963 1155 1044 χωρίου.

193 1061 238 1131 Ἡ
257 1061 324 1146 άρα
346 1061 384 1130 τὸ
407 1067 533 1149 χωρίον
557 1064 728 1148 δυναμένη
752 1064 832 1147 μετὰ
855 1062 959 1148 μέσου
983 1065 1092 1150 μέσον
1117 1066 1155 1133 τὸ

130 1170 213 1240 ὅλον
235 1169 380 1239 ποιοῦσά
405 1171 508 1238 ἐστιν·
538 1167 619 1256 ὅπερ
643 1172 711 1236 ἔδει
736 1171 850 1250 δεῖξαι.

78 1399 111 1446 ιο
612 1382 669 1463 (ιζ’.

122 1497 127 1505 ’
197 1505 349 1576 Τοάπὸ
379 1503 581 1591 ἀποτομῆς
608 1505 711 1591 παρά
739 1505 864 1594 ῥητήν
894 1510 1153 1594 παραβαλλό-

129 1640 251 1700 μενον
274 1611 419 1692 πλάτος
441 1625 550 1680 ποιεῐ
571 1609 778 1700 ἀποτομήν
801 1612 968 1700 πρωτην.

187 1718 297 1786 Ἔστω
322 1715 472 1804 ἀποτομή
496 1716 517 1805 ή
537 1726 615 1805 ΑΒ,
640 1718 722 1807 βητή
746 1719 784 1787 δδ
806 1717 827 1806 ἡ
847 1725 918 1804 ΓΔ,
943 1719 1064 1811 καὶτῷ
1085 1719 1151 1789 άπὸ

131 1829 190 1911 της
217 1833 282 1893 AB
311 1833 387 1893 ἴσον
414 1824 504 1914 παρὰ
532 1825 595 1913 τήν
623 1832 690 1894 ΓΛ
721 1824 991 1913 παραβεβλήσθω
1021 1825 1058 1894 τὸ
1089 1833 1155 1898 ΓΕ

79 1961 111 2010 15
130 1931 254 2012 πλάτος
277 1936 400 2001 ποιοῦν
418 1934 478 2020 τὴν
497 1939 571 2003 ΓΖ·
595 1933 692 2019 λέγω,
716 1931 767 2000 ὅτι
787 1930 809 2020 ἡ
829 1939 890 2001 ΓΖ
909 1930 1060 2019 άποτομή
1083 1935 1151 2002 ἐστι

130 2039 252 2126 πρώτη.

189 2146 296 2215 Ἔστω
320 2145 384 2233 γάρ
408 2150 447 2233 τῇ
471 2152 536 2212 ΑΒ
559 2144 838 2233 προσαρμόζουσα
861 2143 881 2232 ή
906 2152 986 2213 ΒΗ·
1024 2149 1061 2214 αἱ
1085 2145 1151 2234 άρα

132 2260 217 2338 ΑΗ,
243 2261 311 2321 ΗΒ
340 2254 439 2339 ῥηταί
464 2255 528 2320 εἰσι
557 2252 700 2338 δυνάμει
724 2254 831 2339 μόνον
855 2251 1047 2339 σύμμετροι.
1096 2255 1152 2321 καὶ

131 2364 176 2451 τῷ
193 2360 254 2446 μέν
272 2357 338 2428 άπὸ
357 2369 415 2446 τῆς
429 2365 505 2426 ΑΗ
520 2367 596 2426 ἴσον
614 2358 704 2447 παρὰ
718 2358 780 2446 τήν
795 2364 858 2426 ΓΛ
875 2357 1153 2448 παραβεβλήσθω

78 2494 113 2542 20
132 2464 169 2533 τὸ
192 2471 262 2553 ΓΘ,
286 2470 330 2556 τῷ
356 2465 393 2534 δὲ
416 2463 481 2535 άπὸ
505 2477 564 2553 τῆς
582 2472 656 2533 ΒΗ
673 2465 711 2534 τὸ
732 2473 810 2536 ΚΛ.
848 2466 931 2535 ὅλου
949 2467 1016 2553 άρα
1034 2464 1072 2535 τὸ
1092 2472 1154 2534 ΓΛ

132 2582 209 2640 ἴσον
232 2572 301 2639 ἐστὶ
324 2584 394 2650 τοῖς
417 2569 482 2639 άπὸ
510 2576 578 2640 τῶν
606 2578 692 2658 ΑΗ,
717 2579 798 2640 ΗΒ·
841 2563 890 2641 ὧν
918 2571 956 2640 τὸ
981 2578 1047 2640 ΓΕ
1075 2581 1154 2641 ἴσον

133 2677 202 2745 ἐστὶ
225 2681 269 2768 τῷ
294 2673 358 2745 άπὸ
383 2681 441 2764 τής
464 2685 541 2745 ΑΒ·
584 2678 705 2747 λοιπὸν
733 2678 800 2766 άρα
827 2677 865 2747 τὸ
892 2686 955 2746 ΖΛ
980 2688 1055 2746 λ’σον
1081 2680 1155 2747 ἐστὶ

132 2788 177 2877 τῷ
207 2785 258 2864 δὶς
284 2781 352 2851 ὑπὸ
380 2787 447 2852 τῶν
476 2791 561 2870 ΑΗ,
586 2792 663 2853 ΗΒ.
713 2784 890 2872 τετμήσθω
918 2782 938 2872 ή
969 2792 1047 2852 ΖΜ
1073 2789 1154 2872 δίχα

132 2889 216 2958 κατὰ
247 2888 285 2959 τὸ
315 2897 353 2958 Ν
381 2903 536 2978 σημεῖον,
569 2893 625 2959 καὶ
656 2890 753 2979 ήχθω
785 2889 841 2959 διά
869 2895 930 2959 τοῦ
954 2898 993 2959 Ν
1018 2895 1058 2980 τῇ
1084 2897 1155 2959 ΓΔ

80 3026 114 3074 25
134 2996 347 3086 παράλληλος
379 2994 399 3084 ή
434 2999 513 3074 ΝΞ·
569 2995 727 3083 ἑκάτερον
764 2996 830 3085 άρα
866 3002 935 3066 τῶν
974 2999 1050 3083 ΖΞ,
1081 3005 1159 3066 ΛΝ

133 3114 209 3172 ἴσον
237 3104 305 3171 ἐστὶ
332 3107 378 3196 τῷ
407 3100 472 3171 ὑπὸ
502 3107 570 3172 τάν
598 3112 684 3190 ΑΗ,
708 3110 784 3172 ΗΒ.
829 3104 885 3171 καὶ
914 3101 984 3172 ἐπεὶ
1012 3101 1052 3171 τά
1086 3103 1153 3174 ἀπὸ

205 3320 229 3369 2.
250 3317 321 3387 ON]
338 3317 436 3386 (prius)
452 3317 509 3370 ΝΟ
518 3315 548 3370 Ρ.
604 3323 628 3371 3.
648 3317 690 3388 τε]
710 3316 763 3387 μέν
777 3316 890 3373 BFVb.
947 3319 1150 3392 συγκείμενον]

133 3404 169 3439 m.
189 3391 204 3439 2
224 3384 257 3441 V.
318 3392 343 3442 4.
362 3388 426 3458 καί]
448 3387 635 3444 ins.m.1V.
696 3388 748 3459 ἔτι]
771 3388 918 3447 ε-ἱιιτοε,
938 3388 971 3444 V.
1035 3395 1059 3443 6.
1080 3394 1153 3460 ΛΝ]

134 3473 203 3512 corr.
224 3473 258 3512 ex
275 3461 336 3512 AN
352 3458 383 3515 B.
453 3464 478 3514 7.
496 3459 630 3514 ποιοῦσαι
649 3479 678 3528 φ.
745 3465 769 3514 8.
789 3460 904 3533 χωρίον]
925 3464 975 3514 ΑΒ
994 3461 1078 3527 BFb,
1099 3468 1152 3516 AB

133 3530 236 3599 χωρίον
255 3529 288 3586 Σ.
362 3536 386 3584 9.
407 3523 477 3598 ὅπερ
503 3528 562 3601 ἔδει
586 3532 694 3599 δεῖξαι]
715 3552 766 3584 τω
786 3533 815 3586 Ρ.
892 3538 932 3586 11.
953 3526 1028 3603 άπό]
1048 3548 1105 3589 om.
1126 3534 1152 3589 b.
