2474 3908
136 161 201 226 333
523 161 724 214 Συουτετοα
742 157 770 215 ι’.

136 303 327 393 σύμμετρον
357 304 397 370 δέ
421 299 551 370 ἔστιτὸ
575 299 640 369 ἀπὸ
664 303 723 390 τῆς
745 308 811 370 ΒΕ
832 304 878 394 τῷ
901 299 968 370 ιἰπο
992 312 1053 389 τῆς
1078 309 1160 370 ΔΖ·

136 409 327 498 σύμμετρον
350 408 417 498 ἄρα
439 409 496 475 καὶ
518 405 556 476 τὸ
582 412 802 496 συγκείμενον
830 411 868 477 ἐκ
893 411 962 475 τών
992 405 1060 476 ἀπὸ
1091 420 1159 477 τών

135 523 214 601 ΑΕ,
234 522 297 582 ΕΒ
320 516 538 602 τετραγώνων
555 518 600 606 τῷ
620 516 826 606 συγκειμένῳ
846 517 881 582 ἐκ
903 518 972 583 τών
995 511 1064 583 ἀπὸ
1090 519 1158 584 τών

136 627 208 706 ΓΖ,
233 629 300 688 ΖΔ
321 619 550 709 τετραγώνων.
592 618 695 709 ῥητὸν
718 621 759 689 δέ
780 623 849 689 ἐστι
870 619 909 690 τὸ
932 627 1159 709 συγκείμενον

100 729 172 800 σίκ
199 737 268 796 τών
296 724 362 795 ἀπὸ
391 730 459 794 τών
487 735 569 812 ΑΕ,
593 735 656 795 ΕΒ
684 725 920 815 τετραγώνων·
957 729 1064 816 ῥητὸν
1094 726 1159 817 ἄρα

135 833 204 902 ἐστὶ
239 835 295 901 καὶ
326 832 364 902 τὸ
393 838 613 920 συγκείμενον
641 836 676 902 ἐκ
703 837 772 903 τών
799 832 864 902 ἀπὸ
892 838 962 903 τών
985 840 1066 920 ΓΖ,
1092 841 1158 902 ΖΔ

134 939 363 1029 τετραγώνων.
409 938 526 1027 πάλιν,
556 942 630 1008 ἐπεί
654 942 745 1008 ἐστιν
774 938 819 1021 ὥς
845 945 882 1009 τὸ
912 937 977 1010 ἀπὸ
1006 945 1069 1028 τῆς
1093 948 1162 1009 ΑΕ

133 1045 217 1135 πρὸς
244 1044 282 1115 τὸ
310 1043 376 1115 ὑπο
404 1056 473 1115 τών
497 1053 580 1134 ΑΕ,
603 1053 683 1132 ΕΒ,
717 1043 825 1127 οὕτως
850 1044 890 1115 τὸ
917 1043 984 1115 απὸ
1012 1050 1075 1133 τῆς
1098 1054 1160 1116 ΓΖ

133 1151 219 1241 πρὸς
241 1150 279 1220 τὸ
304 1149 370 1220 ὑπὸ
398 1161 466 1219 τών
485 1157 557 1239 ΓΖ,
578 1158 655 1238 ΖΔ,
680 1151 871 1239 σύμμετρον
894 1152 933 1220 δὲ
953 1151 993 1222 τὸ
1013 1150 1076 1222 ἀπὶ
1102 1157 1161 1242 τῆς

83 1283 116 1333 10
135 1267 205 1326 ΑΕ
233 1257 445 1347 τετράγωνον
474 1262 519 1349 τῷ
551 1255 616 1327 ἀπὸ
647 1261 706 1346 τῆς
732 1264 794 1326 ΓΖ
824 1257 1040 1351 τετραγώνῳ,
1077 1260 1159 1347 σῦμ-

134 1392 256 1454 μετρον
275 1363 342 1453 ἄρα
365 1365 435 1433 ἐστὶ
457 1364 514 1432 καὶ
531 1364 570 1433 τὸ
589 1361 656 1433 ὑπὸ
675 1367 745 1433 τών
758 1371 791 1430 Α
797 1372 837 1452 Ε,
852 1372 915 1433 ΕΒ
933 1368 980 1456 τῷ
999 1362 1070 1434 ὑπὸ
1090 1369 1159 1435 ’τών

133 1478 210 1558 ΓΖ,
235 1479 310 1538 ΖΔ.
360 1472 464 1557 μέσον
498 1470 536 1539 δὲ
568 1470 605 1540 τὸ
640 1469 706 1540 ὑπὸ
735 1481 803 1539 τών
831 1479 914 1558 ΑΕ,
937 1478 1014 1539 ΕΒ·
1052 1473 1159 1559 μέσον

134 1575 201 1666 ἄρα
222 1577 278 1644 καὶ
301 1589 339 1644 το
363 1574 429 1645 ὑπὸ
457 1587 526 1645 τών
550 1582 621 1663 ΓΖ,
640 1584 727 1644 ΖΔ·
763 1580 801 1644 αί
822 1584 898 1663 ΓΖ,
923 1584 990 1645 ΖΔ
1013 1575 1085 1667 ἄρα
1104 1583 1159 1647 δυ-

133 1681 233 1770 νάμει
262 1683 349 1750 εἰσὶν
377 1680 583 1772 ἀσύμμετροι
605 1692 764 1752 ποιοῦσαι
785 1708 824 1752 το
848 1683 910 1771 μὲν
933 1691 1159 1772 συγκείμενον

83 1814 116 1863 15
136 1790 171 1856 ἐκ
189 1791 257 1857 τών
276 1783 334 1856 ἄπ’
355 1785 469 1857 αὐτῶν
486 1788 707 1878 τετραγώνων
721 1788 836 1878 ῥητόν,
854 1788 892 1858 τὸ
913 1787 945 1858 δ’
967 1787 1025 1871 ὑπ’
1042 1788 1158 1861 αὐτῶν

133 1894 247 1982 μέσον.

197 1999 368 2069 Ἐλάσσων
392 1998 458 2090 ἄρα
481 2000 572 2068 ἐστὶν
596 1997 617 2087 ἡ
640 2006 716 2068 ΓΔ·
740 2001 821 2090 ὅπερ
845 2006 914 2071 ἔδει
938 2004 1056 2083 δεῖξαι.

611 2176 675 2265 (ις’.

204 2300 251 2370 Ἡ
277 2308 322 2391 τῇ
356 2300 452 2390 μετὰ
485 2304 608 2390 ῥητοῦ
636 2303 760 2388 μέσον
787 2301 831 2371 το“
859 2300 953 2371 ὅλον
981 2304 1159 2396 ποιοῦση

79 2432 113 2483 20
133 2410 357 2498 σύμμετρος
380 2406 474 2496 μετὰ
498 2411 620 2497 ῥητοῦ
644 2409 766 2495 μέσον
789 2407 831 2478 τό
857 2407 953 2478 ὅλον
976 2413 1158 2481 ποιοῦσά

134 2518 258 2584 ἐστιν.

191 2619 300 2689 Ἔστω
328 2647 409 2707 μετα
438 2624 544 2709 ῥητοῦ
571 2621 674 2708 μέσον
702 2622 740 2691 τὸ
766 2620 848 2691 ὅλον
871 2625 1016 2690 ποιοῦσα
1039 2618 1062 2708 ἡ
1088 2632 1157 2692 ΑΒ

132 2726 189 2794 καὶ
216 2729 257 2815 τῇ
280 2733 347 2794 ΑΒ
376 2725 564 2816 σύμμετρος
591 2724 609 2794 ῦ
635 2733 710 2795 ΓΔ·
748 2729 850 2815 λέγω,
881 2726 933 2797 ὅτι
959 2727 1017 2796 καὶ
1043 2726 1066 2815 ἡ
1092 2736 1157 2798 ΓΔ

133 2833 213 2921 μετὰ
238 2837 342 2923 ῥητοῦ
367 2835 471 2920 μέσον
494 2837 531 2901 τὸ
556 2830 637 2902 ὅλον
660 2834 805 2904 ποιοῦσά
830 2837 929 2903 ἐστιν.

78 2965 113 3014 25
195 2939 300 3009 Ἔστω
324 2938 388 3029 γὰρ
410 2944 451 3030 τῇ
475 2947 540 3008 ΑΒ
563 2939 842 3029 προσαρμόζουσα
865 2939 885 3027 ἡ
910 2947 985 3008 ΒΕ·
1017 2942 1057 3008 αί
1074 2951 1155 3029 ΑΕ,

133 3055 197 3116 ΕΒ
225 3046 291 3136 ἄρα
321 3046 464 3133 δυνάμει
492 3049 579 3115 είσὶν
607 3045 812 3133 ἀσύμμετροι
838 3050 997 3115 ποιοῦσαι
1024 3046 1064 3116 τό
1091 3049 1154 3136 μὲν

133 3160 352 3240 συγκείμενον
379 3155 416 3220 ἐκ
443 3157 512 3220 τών
539 3151 605 3221 ἀπὸ
633 3156 702 3220 τών
729 3161 761 3219 Α
767 3160 811 3238 Ε,
840 3159 903 3220 ΕΒ
931 3157 1153 3241 τετραγώνων

205 3371 229 3418 1.
250 3359 325 3419 ἔστιν
344 3364 375 3419 Ρ.
433 3362 477 3435 τό]
498 3381 567 3419 corr.
588 3381 622 3419 ex
640 3367 677 3439 τῷ
696 3373 762 3421 m.1
784 3365 815 3434 F,
834 3383 867 3422 ex
885 3362 920 3420 τά
940 3370 975 3436 (?)
993 3365 1027 3421 V.
1085 3369 1151 3441 ΔΖ]

133 3440 189 3491 ΖΔ
207 3435 237 3490 P.
311 3441 336 3489 3.
356 3430 534 3503 τετράγωνον
553 3438 599 3490 Pb
619 3439 648 3491 et
667 3453 756 3506 comp.
776 3437 827 3492 ins.
847 3456 883 3492 m.
905 3443 919 3491 1
939 3438 973 3492 V.
1041 3443 1067 3494 4.
1090 3444 1151 3508 ΓΔ,

133 3512 185 3562 ΔΖ
203 3508 231 3564 b.
304 3511 329 3560 5.
354 3501 440 3576 ῥηταί
454 3506 490 3572 F,
514 3507 565 3562 sed
583 3523 652 3563 corr.
726 3515 749 3563 6.
775 3504 849 3580 ἐστί]
875 3504 932 3564 είσί
948 3509 980 3564 Γ.
1054 3516 1079 3566 7.
1104 3509 1150 3581 τό]
