2474 3908
148 169 212 234 130
535 172 736 225 ΣΤοιΧΕιαιι
756 169 783 228 ι’.

626 358 685 416 με.

208 453 253 522 Ἡ
267 459 410 540 μείζων
433 453 529 521 κατὰ
549 455 592 522 τὸ
613 452 707 522 αὐτὸ
727 454 855 542 μόνον
877 471 1044 545 σημεῖον
1065 462 1168 527 διαι-

145 575 283 649 ρεῖται.

202 665 311 736 Ἔστω
339 671 458 753 μείζων
481 664 502 753 ἡ
527 673 593 734 ΑΒ
621 669 806 756 διῃρημένη
833 666 917 737 κατὰ
945 667 982 738 τὸ
1005 676 1049 757 Γ,
1081 671 1169 741 ὥστε

108 773 202 855 ττὰς
225 780 299 861 ΑΓ,
324 780 386 843 ΓΒ
410 773 551 861 δυνάμει
573 770 805 861 ἀσυμμέτρους
828 773 914 844 εἶναι
938 777 1105 859 ποιούσας
1128 779 1166 849 τὸ

144 881 205 969 μέν
229 885 449 968 συγκείμενον
469 880 505 947 ἐκ
522 883 591 948 τῶν
610 877 675 948 οἷττὸ
695 884 763 949 των
778 888 853 968 ΑΓ,
868 888 930 950 ΓΒ
944 884 1168 973 τετραγώνων

143 987 262 1076 ῥητόν,
293 989 330 1057 τὸ
359 985 386 1055 δ’
412 984 478 1055 ὑπὸ
507 990 575 1055 των
598 994 675 1074 ΑΓ,
698 992 760 1056 ΓΒ
783 989 900 1076 μέσον·
938 991 1040 1076 λέγω,
1068 984 1167 1078 ὅτιη

144 1103 208 1164 ΑΒ
232 1091 299 1162 κατ’
325 1091 406 1162 ἄλλο
430 1107 569 1180 σημεῖον
594 1091 636 1161 οὐ
659 1098 844 1183 διαιρεῖται.

209 1205 254 1269 Εἰ
276 1199 340 1289 γὰρ
365 1198 528 1286 δυνατόν,
557 1186 734 1288 διῃρήσθω
762 1200 924 1269 καὶκατὰ
948 1199 986 1269 τὸ
1011 1210 1055 1288 Δ,
1079 1203 1168 1273 ὥστε

91 1337 124 1385 10
142 1309 199 1376 καὶ
221 1307 279 1387 τὰς
302 1314 387 1392 ΑΛ,
412 1312 479 1373 ΔΒ
503 1305 644 1392 δυνάμει
674 1303 905 1394 ἀσυμμέτρους
933 1305 1020 1376 εἶναι
1048 1309 1166 1379 uoto&

143 1435 203 1494 σας
226 1412 263 1481 τὸ
287 1412 349 1499 μέν
372 1416 591 1499 συγκείμενον
616 1414 652 1480 έν
670 1416 737 1480 τῶν
758 1409 822 1481 ἆτὸ
841 1417 911 1482 των
926 1423 1008 1502 ΑΔ,
1024 1423 1088 1484 ΔΒ
1109 1419 1168 1505 δη·

142 1520 217 1605 τόν,
244 1518 282 1588 τὸ
311 1515 340 1586 δ’
369 1515 423 1586 ὑπ’
454 1515 566 1586 αὐτῶν
594 1518 707 1605 μέσον.
752 1520 809 1587 καὶ
837 1522 923 1608 έιιεί,
951 1511 978 1613 ᾧ
1007 1524 1164 1610 διαφέρει

141 1625 181 1695 τὰ
206 1624 271 1694 ἀπὸ
296 1629 362 1694 τῶν
385 1630 460 1711 ΑΓ,
485 1630 546 1692 ΓΒ
569 1635 638 1694 των
662 1622 727 1693 ἀπὸ
751 1637 819 1695 των
839 1635 921 1713 ΑΛ,
948 1634 1028 1715 ΔΒ,
1053 1629 1165 1722 τούτῳ

142 1734 294 1821 διαφέρει
322 1731 375 1799 καὶ
404 1730 442 1800 τὸ
472 1731 524 1811 δὶς
551 1728 616 1800 ὑπὸ
640 1736 710 1801 τῶν
728 1741 815 1821 ΑΛ,
840 1740 908 1802 ΔΒ
930 1739 993 1804 τοῦ
1018 1736 1072 1816 δὶς
1095 1733 1164 1806 ὑτιδ
1189 1798 1193 1803 .

91 1867 124 1917 15
142 1851 212 1908 τῶν
235 1845 314 1926 ΑΓ,
338 1845 415 1926 ΓΒ,
443 1835 528 1906 ἀλλὰ
557 1836 597 1907 τὰ
627 1837 692 1908 ἄττὸ
720 1844 789 1909 τῶν
811 1847 888 1929 ΑΓ,
917 1848 978 1910 ΓΒ
1001 1845 1070 1911 τῶν
1097 1840 1164 1912 αἰττὸ

142 1957 209 2015 ταῖν
237 1956 323 2032 ΑΛ,
347 1953 415 2014 ΔΒ
442 1942 594 2033 ὑπερέχει
626 1947 727 2038 ῥητῷ·
765 1945 848 2034 ῥητὰ
881 1947 946 2034 γὰρ
973 1944 1165 2038 ἀμφότερα·

141 2051 257 2122 καὶτὸ
282 2054 334 2133 δὶς
356 2050 422 2121 ὑπὸ
446 2055 515 2121 τῶν
537 2059 624 2137 ΑΛ,
648 2058 716 2119 ΔΒ
740 2050 806 2138 ἄρα
827 2057 889 2122 τοῦ
918 2055 971 2134 δὶς
998 2051 1064 2122 ὑπὸ
1092 2066 1165 2124 τῶν

143 2166 217 2247 ΑΓ,
241 2166 302 2228 ΓΒ
325 2157 476 2248 ὑπερέχει
504 2159 594 2250 ῥητῷ
621 2158 705 2243 μέσα
728 2155 823 2226 ὅντα·
861 2156 943 2246 ὅπερ
967 2161 1058 2229 ἐστὶν
1081 2160 1165 2231 ἀδύ-

143 2293 256 2334 νατον.
293 2263 356 2333 οὐκ
380 2262 485 2353 ἄραὴ
509 2269 630 2351 μείζων
653 2261 720 2331 κατ’
746 2261 827 2333 ἄλλο
846 2266 902 2333 καὶ
920 2263 1002 2335 ἄλλο
1021 2282 1164 2356 σημεῖον

89 2399 124 2448 το
143 2377 335 2461 διαιρεῖται·
363 2368 446 2438 κατὰ
470 2373 508 2438 τὸ
532 2367 614 2437 αὐτὸ
639 2367 705 2457 ἄρα
728 2369 1052 2461 μόνονδιαιρεϊται·
1080 2372 1163 2462 ὅπερ

142 2483 210 2546 ἔδει
235 2477 367 2556 δεῖξαι..

619 2581 682 2670 μέ.

203 2704 249 2774 Ἡ
268 2705 391 2794 ῥητὸν
414 2707 479 2774 καὶ
498 2706 844 2797 μέσονζδυναμένη
863 2708 949 2777 καθ’
971 2713 1012 2778 ἓν
1031 2711 1163 2799 μόνον

142 2814 308 2907 σηΙμεῐον
333 2818 562 2903 διαιρεῖται.

88 2947 123 2998 τι
197 2922 308 2991 Ἔστω
332 2919 435 3009 ῥητὸν
457 2921 514 2987 καὶ
537 2919 830 3009 μέσονὶδνναμένη
849 2919 870 3008 ἡ
889 2929 956 2990 ΑΒ
975 2924 1162 3012 διῃρημένη

141 3030 222 3097 κατὰ
245 3031 284 3099 τὸ
308 3035 351 3116 Γ,
375 3026 459 3098 ὥστε
487 3026 546 3107 τὰς
566 3032 647 3113 ΑΓ,
671 3032 733 3094 ΓΒ
760 3029 903 3116 δυνάμει
931 3027 1165 3118 ἀσυμμέτρους

217 3247 240 3296 1.
260 3237 308 3310 μς’
327 3241 358 3294 Β.
418 3246 443 3296 2.
463 3240 553 3310 Supra
570 3235 602 3293 τό
621 3238 686 3294 add.
705 3257 742 3294 m.
762 3245 778 3294 2
798 3240 847 3295 καὶ
866 3240 898 3297 ἓν
916 3242 946 3300 Ρ.
1005 3244 1068 3297 διαι
1087 3249 1162 3300 εἷται

142 3311 183 3375 εἰς
195 3308 231 3367 τὰ
245 3306 373 3381 ὀνόματα
388 3312 486 3367 Theon
502 3308 637 3382 (BFVb).
693 3315 718 3364 ο.
739 3311 802 3382 ΓΒ]
817 3329 902 3383 supra
916 3331 967 3370 τοι.
981 3315 1012 3369 Β.
1069 3265 1163 3385 &upra

142 3380 281 3445 ποιούσας
300 3398 351 3438 scr.
370 3384 423 3437 καί
437 3400 473 3437 m.
496 3389 509 3436 1
529 3380 565 3434 V.
638 3388 662 3435 6.
682 3381 750 3452 ΑΓ]
776 3387 827 3436 ΓΑ
845 3384 903 3452 Fb3
932 3403 988 3456 mg.
1008 3404 1045 3440 m.
1067 3393 1080 3441 1
1101 3391 1162 3453 AB,

140 3457 197 3509 ΒΓ
212 3453 240 3510 b.
317 3450 515 3526 τετραγώνων]
539 3468 624 3522 supra
648 3468 699 3506 scr.
724 3471 739 3505 ο
763 3452 795 3522 b,
823 3475 877 3509 -ων
899 3456 928 3510 in
951 3473 1005 3512 ras.
1025 3457 1059 3513 V.
1137 3463 1161 3512 7.

140 3521 270 3597 ῥητόςΒ.
334 3525 367 3582 δέ
386 3525 445 3581 BF.
518 3530 543 3579 9.
563 3523 629 3594 ταί]
649 3539 703 3580 om.
722 3522 818 3580 Theon
837 3525 973 3596 (BFVb).
1048 3534 1090 3583 10.
1110 3530 1159 3583 δυ-
