2474 3908
390 165 665 219 ELEMENTORUM
682 167 791 218 LIBER
808 167 841 219 X.
1056 164 1120 229 201

174 308 266 396 Ergo
295 312 370 374 ΔΗ
396 331 434 376 ex
464 309 591 374 duobus
617 309 803 375 nominibus
837 311 928 374 sexta
955 312 1006 374 est
1038 309 1123 391 [deff.

108 417 166 482 alt.
190 417 239 500 6];
264 415 349 501 quod
373 419 442 481 erat
465 414 763 480 demonstrandum.

559 644 675 710 LXVI.

177 769 279 836 Recta
293 772 400 834 rectae
415 790 453 832 ex
468 768 593 834 duobus
612 769 797 834 nominibus
816 769 1021 854 longitudine
1039 793 1124 836 com-

109 876 339 944 mensurabilis
359 879 392 940 et
405 875 478 959 ipsa
497 896 535 940 ex
554 875 679 940 duobus
697 874 883 941 nominibus
898 880 947 941 est
964 881 998 948 et
1012 876 1124 942 ordine

107 983 230 1050 eadem.

177 1087 228 1154 Sit
251 1092 316 1153 AB
340 1109 378 1152 ex
403 1087 527 1153 duobus
550 1088 750 1170 nominibus,
779 1091 812 1152 et
834 1091 901 1153 ΓΛ
927 1090 1034 1152 rectae
1058 1091 1123 1151 AB

646 1193 850 1278 longitudine
889 1186 1125 1258 commensura-

435 1349 605 1387 ,,,-1
647 1300 722 1365 bilis
760 1301 812 1364 sit.
862 1299 947 1384 dico,
985 1301 1051 1364 ΓΔ
1086 1321 1125 1365 ex

430 1391 451 1441 Ζ
586 1392 611 1439 A
646 1406 771 1471 duobus
794 1406 978 1471 nominibus
998 1428 1068 1471 esse
1091 1409 1125 1471 et

106 1495 223 1561 ordine
247 1495 380 1561 eandem
403 1518 440 1561 ao
464 1498 538 1561 ΑΒ.

176 1624 253 1667 nam
277 1603 430 1688 quoniam
454 1606 519 1666 AB
542 1623 582 1666 ex
604 1601 730 1667 duobus
753 1601 938 1667 nominibus
962 1605 1021 1685 est,
1043 1601 1078 1665 in
1095 1605 1126 1665 E

108 1709 145 1773 in
164 1710 298 1774 nomina
321 1708 494 1792 diuidatur,
516 1711 550 1772 et
572 1708 676 1773 maius
699 1729 819 1773 nomen
841 1708 886 1773 sit
907 1712 982 1772 AE.
1013 1708 1124 1793 itaque

108 1819 194 1899 AE,
218 1819 280 1879 ER
303 1816 479 1880 rationales
503 1817 580 1879 sunt
601 1815 751 1898 potentia
772 1818 903 1879 tantum
926 1835 1125 1880 commensu-

109 1920 232 1986 rabiles
244 1923 347 2005 [prop.
354 1920 519 2001 XXXVI}
537 1918 678 2003 fiat[VI,
689 1921 744 2000 12]
756 1922 1125 1985 AB:I'A=AE:I'Z.

109 2027 222 2110 itaque
236 2026 335 2091 etiam
349 2030 412 2090 ΕΒ
422 2051 430 2091 :
440 2030 508 2090 ΖΔ
518 2057 560 2079 --
570 2029 636 2090 ΑΒ
646 2049 654 2090 :
665 2027 726 2090 ΓΔ
742 2024 795 2106 [V,
811 2026 865 2110 163
879 2024 919 2110 V,
935 2027 976 2091 19
991 2024 1125 2106 ooroll.].

109 2153 226 2198 uerum
255 2135 337 2215 ΑΒ,
360 2134 428 2197 ΓΔ
462 2132 665 2218 longitudine
697 2131 1004 2196 commensurabiles
1041 2133 1126 2195 sunt.

110 2239 223 2324 itaqua
248 2240 347 2304 etiam
369 2244 451 2323 ΑΕ,
475 2242 536 2305 ΓΖ
563 2242 596 2304 et
623 2242 700 2321 ΕΒ,
725 2242 792 2302 ΖΔ
817 2238 1019 2324 longitudine
1043 2258 1126 2302 com-

110 2345 346 2412 mensurabiles
371 2350 447 2412 sunt
472 2349 576 2432 [prop.
596 2345 668 2426 Xl].
706 2367 723 2409 e
761 2349 839 2428 ΑΕ,
862 2349 925 2409 ΕΒ
949 2344 1126 2409 rationales

112 2455 200 2517 sunt.
252 2451 364 2536 itaque
396 2452 495 2517 etiam
528 2455 602 2536 ΓΖ,
630 2457 697 2516 ΖΛ
728 2452 905 2517 rationales
939 2455 1022 2517 sunt.
1078 2452 1128 2515 est

112 2561 225 2623 autem
252 2560 407 2623 AE:I'Z
424 2562 644 2622 =EB2ZA
672 2557 819 2642 [V,11].
865 2559 976 2642 iaque
998 2579 1125 2642 permu-

108 2662 211 2729 tando
236 2663 290 2744 [V‚
316 2664 370 2744 16]
395 2666 783 2729 ΑΕεΕΒεΓΖεΖΔ.
828 2686 942 2729 uerum
965 2658 1044 2748 ΑΕ,
1063 2668 1126 2728 ΕΒ

109 2769 261 2854 potentia
283 2773 414 2834 tantum
438 2770 743 2836 commensurabiles
768 2773 852 2834 sunt.
896 2770 1006 2855 itaque
1030 2770 1128 2834 etiam

109 2877 183 2959 ΓΖ,
199 2878 267 2938 ΖΛ
284 2876 433 2960 potentia
451 2879 579 2941 tantum
598 2876 904 2940 commensurabiles
924 2877 1000 2938 sunt
1024 2877 1128 2958 [prop.

109 2980 184 3064 ΧΙ].
229 2986 263 3046 et
286 2985 363 3046 sunt
385 2981 570 3047 rationales.
616 3001 694 3066 ergo
718 2983 784 3044 ΓΛ
813 3001 852 3044 ex
875 2979 1000 3044 duobus
1023 2981 1128 3044 nomi-

109 3089 208 3154 nibus
233 3090 283 3154 est
308 3089 411 3172 [prop.
434 3085 599 3168 XXXVI}

161 3176 246 3260 'iam
270 3195 352 3280 dico,
376 3216 447 3259 eam
470 3193 583 3259 ordine
607 3192 743 3258 candem
766 3214 835 3258 esse
859 3215 896 3258 ac
919 3197 994 3259 ΑΒ.

148 3446 193 3495 ao.
217 3434 306 3502 οὕτως
329 3437 346 3510 ἡ
372 3445 423 3525 rjz
445 3442 479 3498 v.
559 3437 697 3527 arment}
717 3455 771 3494 om.
795 3439 825 3496 P.
903 3445 946 3493 aa.
970 3439 1033 3510 ΓΔ]
1053 3446 1079 3492 Δ
1096 3438 1127 3493 in

108 3526 166 3568 ras·
185 3511 220 3568 V.
293 3517 335 3569 24.
355 3512 405 3584 δη]
425 3529 480 3568 om.
499 3513 532 3568 V.
606 3511 660 3581 οτι]
680 3531 723 3566 οτι
742 3512 795 3565 καί
809 3509 899 3566 BFV.
