2474 3908
358 154 634 207 ELEMENTORUM
651 155 761 206 LIBER
777 155 812 209 X.
1026 152 1090 216 367

79 299 109 362 ei
132 297 436 363 commensurabilis
462 302 511 363 est
535 300 639 382 [prop.
652 297 740 381 XII],
764 297 832 362 siue
856 298 918 360 ΓΔ
940 297 1093 361 rationali

76 405 267 489 propositae
285 403 489 490 longitudine
509 403 809 469 eommensurabilis
829 406 887 486 est,
911 403 1010 468 etiam
1032 408 1093 468 ΖΘ

78 512 107 576 ei
127 511 427 576 commensurabilis
448 515 499 576 est
520 510 598 593 [id.]‚
622 513 690 575 siue
709 513 824 576 neutra
841 511 1002 575 rectarum
1022 512 1093 592 ΒΓ,

77 621 154 700 ΓΔ,
188 618 286 682 etiem
317 620 432 682 neutra
459 621 621 683 rectarum
649 622 732 699 KZ,
757 621 818 681 ΖΘ
852 619 959 700 [prop.
982 614 1093 696 XIII].

77 726 127 789 sin
151 721 231 789 ΒΓ2
254 723 380 789 excedit
398 720 475 788 ΓΛἱ
498 724 655 808 quadrato
679 728 787 792 reatae
812 724 872 788 sibi
896 723 1093 788 incommen-

77 831 238 915 surabilis,
261 832 361 896 etiam
379 828 457 895 ΚΖΞ
481 831 606 896 excedit
625 828 701 896 ΖΘ2
722 810 882 916 quadrato
903 833 1011 894 reetee
1031 827 1094 892 sibi

76 937 414 1003 incommensurabilis
439 940 543 1022 [prop.
566 937 669 1018 XIV}
708 940 741 1002 et
764 937 833 1002 siue
856 939 923 1001 ΒΓ
940 934 1093 1000 rationali

75 1045 264 1129 propositae
282 1043 488 1130 longitudine
508 1044 811 1110 commensurabilis
831 1047 890 1127 est,
909 1043 1007 1107 etiam
1026 1044 1094 1104 KZ

77 1152 106 1215 ei
121 1150 499 1243 commensurabilis-est,
518 1151 586 1215 siue
606 1154 677 1234 ΓΔ,
696 1151 794 1216 etiam
810 1155 871 1216 ΖΘ
890 1152 994 1234 [prop.
1005 1147 1093 1229 XII],

77 1257 146 1323 sine
159 1261 275 1323 neutra
289 1259 452 1333 rectarum
466 1260 533 1342 ΒΓ,
545 1262 617 1336 ΓΔ,
630 1263 747 1324 neutra
760 1261 922 1322 rectarum
937 1259 1012 1337 KZ,
1024 1258 1093 1320 ΖΘ.

144 1364 233 1449 Ergo
253 1367 319 1429 ΚΘ
341 1386 381 1429 ex
404 1365 531 1430 duobus
554 1364 743 1430 nominibus
767 1367 826 1447 est,
850 1363 940 1429 ouius
959 1362 1093 1428 nomina

76 1473 157 1554 KZ,
181 1475 243 1536 ΖΘ
264 1470 451 1537 nominibus
476 1473 644 1555 apotomes
668 1474 746 1554 ΒΓ,
771 1474 834 1535 ΓΔ
856 1489 1092 1536 commensura·

76 1577 156 1641 bilia
179 1579 256 1642 sunt
278 1580 311 1641 et
333 1577 367 1642 in
391 1577 502 1643 eadem
526 1578 753 1663 proportione,
781 1581 813 1643 et
835 1582 1004 1662 praeterea
1028 1577 1094 1638 ΚΘ

77 1683 213 1748 eundem
238 1683 384 1749 ordinem
405 1684 506 1750 habet
529 1707 566 1750 ao
589 1687 657 1749 ΒΓ
682 1685 753 1766 [efr.
773 1685 844 1750 deff.
865 1686 920 1751 nlt.
940 1687 973 1748 et
990 1681 1094 1780 tert.]3

78 1792 163 1874 quod
189 1793 259 1854 erat
280 1789 577 1856 demonstrandum.

531 1965 644 2032 cxlv.

145 2088 180 2155 Si
209 2090 351 2175 spatium
380 2089 665 2174 comprehenditur
693 2095 844 2175 apotome
878 2094 911 2154 et
938 2092 1027 2155 reete
1055 2110 1093 2153 ex

78 2198 204 2263 duobus
228 2197 424 2281 nominibus,
448 2198 538 2262 euius
560 2197 694 2263 nomina
716 2196 904 2262 nominibus
923 2203 1091 2280 apotomes

78 2308 111 2368 et
143 2303 449 2369 oommensurabilia
482 2309 559 2369 sunt
597 2306 630 2369 et
661 2305 696 2369 in
729 2303 840 2369 eadem
873 2303 1095 2389 proportione,

104 2485 125 2532 A
242 2483 264 2532 B
307 2482 328 2532 Z
399 2412 490 2494 reeta
513 2411 621 2496 spatio
645 2412 789 2496 aequalis
814 2411 972 2494 quadrata
994 2409 1094 2474 ratio-

61 2527 64 2532 ’
111 2549 314 2588 ι--ι-ι
399 2518 483 2583 nalis
508 2520 566 2583 ast.

108 2624 355 2730 ,Γῇ-ΞΛ
469 2623 617 2710 Spatium
653 2624 738 2690 enim
771 2627 835 2688 AB
850 2639 893 2693 ><
909 2627 971 2689 ΓΔ
1008 2646 1093 2689 oom-

78 2767 307 2818 Η,,,-,,,,,
397 2730 618 2815 prehendatur
636 2735 788 2816 apotome
807 2735 874 2796 AB
894 2736 927 2796 et
945 2735 1034 2796 reeta
1053 2752 1092 2794 ex

41 2895 43 2898 ,
79 2871 116 2924 Θ,
331 2888 335 2924 ,
399 2837 524 2903 duobus
546 2836 733 2902 nominibus
760 2839 838 2921 ΓΔ,
860 2828 951 2902 onius
974 2857 1094 2900 nomen

105 2980 133 3030 K
233 2979 258 3028 A
311 2979 344 3028 M
396 2943 501 3007 maius
531 2943 575 3008 sit
598 2944 674 3026 ΓΕ,
707 2945 739 3007 et
766 2944 842 3027 ΓΕ,
864 2947 934 3007 ΕΔ
960 2941 1094 3007 nomina

113 3044 333 3084 ¹·-¹—¹
400 3052 509 3115 reetae
523 3071 562 3114 ex
573 3048 697 3114 duobus
707 3047 893 3113 nominibus
908 3047 1093 3113 nominibus

78 3162 247 3241 apotomes
262 3161 295 3219 A
300 3159 336 3241 Z,
352 3159 412 3220 ΖΒ
433 3158 466 3219 et
479 3154 783 3246 commensurabilia
800 3154 868 3220 sint
887 3158 920 3219 et
933 3154 967 3219 in
982 3154 1092 3220 eadem
1136 3178 1139 3187 ·
1171 3226 1180 3241 ⁸

78 3368 109 3434 Β,
129 3383 219 3494 comp.
238 3367 325 3423 FVb.
402 3372 445 3424 20.
468 3362 536 3439 γάρ]
555 3383 623 3422 oorr.
644 3383 677 3422 ex
694 3363 726 3422 τό
745 3386 782 3425 m.
803 3372 817 3420 1
837 3366 872 3421 V.
944 3373 987 3424 22.
1008 3365 1090 3438 ἔστω]
1196 3376 1206 3393 ·

78 3439 179 3509 (prius)
211 3455 254 3493 στι
272 3437 354 3492 BFb.
418 3443 461 3494 23.
482 3437 550 3509 ΕΔ]
570 3443 596 3492 Δ
614 3455 630 3493 e
649 3454 720 3494 eorr.
738 3456 776 3496 m.
798 3446 810 3494 1
831 3439 857 3495 b.
917 3438 958 3510 re]
978 3438 1090 3492 ΜΒ.

114 3515 156 3563 24.
177 3502 314 3578 ὀνόμασιν
332 3508 364 3564 Β.
