2474 3908
135 169 179 234 66
520 167 722 221 Σνοικπιωα
741 164 768 222 ι’.

136 308 244 392 οὕτως
274 309 312 379 ιὸ
344 308 408 377 ἀπὸ
438 313 590 396 τῆς-ΕΖ
617 308 701 397 πρὸς
722 306 760 376 τὸ
784 305 850 376 ὑπὸ
873 311 941 376 τῶν
966 314 1044 394 ΖΕ,
1076 314 1158 395 ΕΗ,

135 416 350 506 ἀσύμμετρον
378 414 444 503 ίίρα
472 416 568 501 [ἐστὶ]
596 413 634 483 τὸ
663 414 730 483 ἀπὸ
757 418 817 501 ιής
839 421 903 481 ΕΖ
925 416 971 506 τῷ
995 410 1062 481 ὑπὸ
1085 417 1158 482 τῶν

136 530 213 607 ΖΕ,
236 530 314 590 ΕΗ.
355 519 442 590 ἄλλα
464 525 509 613 τῷ
534 520 595 608 μὲν
619 519 685 589 ἀπὸ
708 524 766 608 τῆς
784 528 848 589 ΕΖ
871 519 1061 607 σύμμετρόν
1085 523 1157 589 ἐστι

134 627 173 696 τὸ
196 628 263 696 ιἰπὸ
287 633 449 715 πῆς-ΓΔ·
478 629 575 717 ῥηταί
598 628 663 716 γάρ
688 631 753 696 είσι
776 625 933 715 δυνάμει·
956 630 1001 718 τῷ
1026 627 1064 694 δὲ
1087 623 1159 694 ὑπὸ

98 746 202 810 σιῶν
227 742 306 821 ΖΕ,
330 742 404 802 ΕΗ
422 732 612 821 σύμμετρόν
637 732 765 802 ἔστιτὸ
790 730 855 801 ὑπὸ
878 736 947 800 τῶν
971 737 1054 819 AF,
1078 738 1158 801 FB·

135 850 191 909 ίσα
215 841 279 930 γάρ
303 844 372 910 ἐστι
389 845 435 934 τῷ
460 837 525 907 ἀπὸ
548 850 607 926 τῆς
625 849 669 906 A·
693 839 905 928 ἀσύμμετρον
924 837 990 926 ίίρα
1010 839 1078 907 ἐστὶ
1097 839 1157 907 καί

133 948 172 1016 τὸ
195 945 261 1015 ἀπὸ
285 959 343 1035 τῆς
361 954 429 1017 FA
451 951 497 1040 τῷ
520 944 586 1015 ὑπὸ
609 950 678 1015 τῶν
699 951 775 1031 AF,
799 951 869 1013 FB.
906 943 951 1025 ὡς
974 945 1012 1012 δὲ
1030 942 1068 1012 τὸ
1088 942 1159 1014 ἀπὸ

133 1058 192 1141 τῆς
219 1061 287 1122 ΓΛ
314 1053 399 1142 πρὸς
425 1050 464 1122 τὸ
491 1050 557 1121 ὑπὸ
580 1055 648 1121 τῶν
673 1058 753 1136 AF,
776 1057 854 1138 FB,
887 1048 993 1130 οὕτως
1018 1049 1156 1138 ίσπὶνή

134 1167 206 1228 AF
229 1160 312 1250 πρὸς
337 1160 400 1247 τήν
425 1166 499 1229 ΓΒ·
527 1157 736 1246 ἀσύμμετρος
762 1155 829 1245 ἄρα
856 1158 948 1226 ἐστὶν
975 1154 996 1242 ή
1021 1163 1093 1226 AF
1110 1161 1157 1246 vy}

83 1289 116 1340 10
135 1273 196 1335 FB
221 1266 326 1355 μήκει.
355 1267 437 1355 ῥητή
462 1264 528 1350 ἄρα
552 1265 642 1333 ἐστὶν
665 1262 686 1350 ή
710 1269 776 1330 FA
798 1263 855 1331 καὶ
878 1261 1088 1351 ἀσύμμετρος
1111 1267 1157 1352 τῇ

134 1380 195 1441 ΓΒ
220 1374 329 1460 μήκει·
354 1372 434 1459 ὅπερ
459 1374 527 1439 ἔδει
551 1372 665 1450 δεῖξαι.

614 1573 673 1633 κγ.

180 1663 242 1741 ίΗ
260 1676 304 1762 πή
327 1673 423 1761 μέσῃ
449 1671 670 1760 σύμμετρος
692 1673 788 1757 μέση
812 1673 930 1740 ἐστίν.

192 1779 301 1847 Ἔστω
329 1778 412 1864 μέση
435 1775 456 1863 ή
481 1788 528 1863 A,
555 1777 611 1844 καὶ
634 1780 674 1865 τῇ
698 1785 731 1844 A
753 1776 940 1864 σύμμετρος
963 1776 1085 1865 ἔσιωή
1110 1787 1156 1847 Β·

82 1910 114 1959 15
134 1887 235 1972 λέγω,
255 1882 306 1953 ὅτι
329 1884 384 1951 καὶ
407 1881 428 1970 ή
448 1890 477 1950 Β
500 1885 583 1970 μίση
608 1885 707 1952 ίσιίν.

199 1990 380 2060 Ἐκκείσθω
408 1987 473 2077 γὰρ
502 1989 584 2078 ῥητή
612 1986 634 2076 ή
658 1994 740 2074 FA,
766 1989 822 2057 καί
849 1993 895 2081 τῷ
919 1989 982 2076 μὲν
1004 1987 1070 2059 ἀπὸ
1093 1995 1156 2078 τῆς

135 2109 167 2166 Α
195 2106 271 2168 ίσον
298 2094 388 2185 παρὰ
415 2094 478 2182 τήν
507 2102 574 2164 FA
600 2095 869 2183 παραβεβλήσθω
897 2102 1022 2184 χωρίον
1050 2097 1154 2185 ὀρθο-

133 2204 261 2292 γώνιον
292 2204 331 2273 τὸ
359 2210 424 2273 ΓΕ
455 2202 578 2284 πλάτος
612 2213 735 2271 ποιοῦν
766 2201 829 2289 τήν
856 2211 939 2271 ΕΛ·
973 2204 1056 2292 ῥητή
1084 2204 1154 2293 ἄρα

134 2312 225 2379 ἐστὶν
254 2310 275 2397 ή
305 2318 373 2378 ΕΔ
406 2310 462 2377 καὶ
490 2306 700 2396 ἀσύμμετρος
725 2312 765 2397 τῇ
793 2315 861 2378 FA
888 2309 992 2397 μήκει.
1038 2321 1084 2404 τῷ
1115 2311 1154 2380 δὲ

80 2439 115 2491 20
134 2413 199 2485 ἀπὸ
223 2421 282 2501 τῆς
299 2422 328 2482 Β
353 2425 428 2484 ίσον
451 2414 541 2502 παρὰ
564 2413 626 2501 τήν
645 2422 712 2483 FA
733 2416 1002 2503 παραβεβλήσθω
1026 2423 1154 2505 χωρίον

134 2519 350 2607 ὀρθογώνιον
381 2518 420 2589 τὸ
453 2527 515 2589 ΓΖ
551 2520 675 2602 πλάτος
710 2527 833 2591 ποιοῦν
865 2520 927 2609 τήν
960 2530 1035 2591 ΔΖ.
1082 2525 1153 2592 ἐπεὶ

134 2621 199 2696 οὖν
229 2626 415 2717 σύμμετρός
443 2629 533 2697 ἐστιν
555 2625 577 2715 ή
601 2639 633 2696 Α
656 2631 695 2717 τῇ
719 2636 761 2715 Β,
790 2629 980 2718 σύμμετρόν
1004 2631 1153 2698 ἐστικαὶ
1211 2630 1214 2635 ’

133 2734 171 2803 τὸ
208 2732 273 2802 ἀπὸ
307 2745 365 2822 τῆς
397 2743 429 2802 Α
465 2738 511 2828 τῷ
542 2731 607 2803 ἀπὸ
635 2746 693 2822 τῆς
720 2743 758 2804 Β.
808 2733 893 2804 ἀλλὰ
921 2740 966 2827 τῷ
995 2735 1056 2825 μὲν
1084 2734 1152 2805 ἀπὸ

133 2844 192 2927 ιής
215 2850 247 2908 A
272 2849 348 2910 ίσον
372 2843 441 2910 ἐστὶ
463 2841 501 2910 τὸ
525 2847 602 2929 ΕΓ,
629 2846 675 2935 τῷ
700 2844 738 2911 δὲ
760 2839 826 2911 ἀπὸ
848 2847 906 2929 τής
929 2851 956 2911 Β
981 2851 1057 2911 ίσον
1081 2843 1154 2911 ἐστὶ

80 2972 115 3022 25
133 2946 170 3016 τὸ
204 2954 279 3015 ΓΖ·
315 2947 504 3038 σύμμετρον
538 2947 604 3037 ἄρα
637 2949 707 3019 ἐστὶ
741 2947 779 3018 τὸ
809 2955 876 3017 ΕΓ
898 2953 944 3042 τῷ
972 2955 1040 3018 ΓΖ.
1094 2955 1156 3018 καί

205 3168 231 3215 2.
251 3159 326 3217 ἐστιν
345 3158 402 3231 ἄρα
420 3160 482 3216 FV.
538 3157 613 3233 ἐστί]
633 3179 687 3218 om.
706 3160 736 3215 P.
810 3167 835 3215 3.
854 3161 995 3285 vy3y7001'r.
1015 3178 1049 3217 ex
1067 3157 1100 3217 τό
1115 3161 1153 3219 V.

139 3299 152 3321 u
170 3228 245 3319 ἐσιιή
262 3250 316 3289 om.
335 3232 368 3287 V.
430 3237 456 3287 4.
476 3229 547 3287 εἰσιν
565 3233 596 3287 Ρ.
652 3230 786 3303 δυνάμει]
806 3248 876 3287 eras.
923 3231 1014 3300 ‚dein
1028 3233 1092 3288 add.
1114 3230 1152 3297 ὡς

132 3304 369 3430 ἓρίιδεὸῗῗλλ
387 3308 475 3428 Βιλ.
491 3300 698 3429 w‘Z‘F‘JJ
703 3320 804 3430 ’1ίῖἒὲ
823 3309 914 3430 ἑλέ·
948 3300 1069 3430 yffi]
1095 3321 1150 3431 οἳ·

134 3449 185 3500 ΓΒ
204 3416 397 3517 περιεήομένῳ
415 3445 450 3501 V.
501 3394 737 3516 8.1'⁹1³1⁸]21⁷F.’
785 3451 808 3501 9.
829 3444 894 3516 ΓΒ]
915 3449 965 3499 ΓΑ
978 3446 1005 3501 b.
1061 3417 1153 3589 {alu}

134 3534 188 3572 om.
207 3518 234 3572 b.
296 3524 337 3572 11.
357 3512 428 3589 ὅπερ
448 3513 508 3572 ἔδει
527 3516 631 3588 δεῖξαι]
651 3534 704 3572 om.
723 3516 807 3584 BFb,
827 3533 918 3587 comp.
936 3514 967 3572 P.
1031 3522 1073 3573 12.
1092 3513 1136 3587 κγ’
