<?xml version="1.0" encoding="UTF-8"?>
<!DOCTYPE html PUBLIC "-//W3C//DTD XHTML 1.0 Transitional//EN"
    "http://www.w3.org/TR/xhtml1/DTD/xhtml1-transitional.dtd">
<html xmlns="http://www.w3.org/1999/xhtml" xml:lang="en" lang="en">
 <head>
  <title>
</title>
<meta http-equiv="Content-Type" content="text/html;charset=utf-8" />
  <meta name='ocr-system' content='tesseract 3.04.00' />
  <meta name='ocr-capabilities' content='ocr_page ocr_carea ocr_par ocr_line ocrx_word'/>
</head>
<body>
  <div class='ocr_page' id='page_1' title='image "./euclidisoperaom06unkngoog_0177.png"; bbox 0 0 2474 3908; ppageno 0'>
   <div class='ocr_carea' id='block_1_1' title="bbox 80 3562 107 3678">
    <p class='ocr_par' dir='ltr' id='par_1_1' title="bbox 80 3562 107 3678">
     <span class='ocr_line' id='line_1_1' title="bbox 80 3562 107 3678; baseline 0 0"><span class='ocrx_word' id='word_1_1' title='bbox 80 3562 107 3678; x_wconf 71' lang='grc' dir='ltr'><em>λ</em></span> 
     </span>
    </p>
   </div>
   <div class='ocr_carea' id='block_1_2' title="bbox 157 174 791 243">
    <p class='ocr_par' dir='ltr' id='par_1_2' title="bbox 157 174 791 243">
     <span class='ocr_line' id='line_1_2' title="bbox 157 174 791 243; baseline -0.024 0"><span class='ocrx_word' id='word_1_2' title='bbox 157 179 221 243; x_wconf 86' lang='grc'><em>164</em></span> <span class='ocrx_word' id='word_1_3' title='bbox 544 177 746 231; x_wconf 60' lang='lat' dir='ltr'><em>nomm</em></span> <span class='ocrx_word' id='word_1_4' title='bbox 764 174 791 231; x_wconf 74' lang='grc' dir='ltr'><em>ι’.</em></span> 
     </span>
    </p>
   </div>
   <div class='ocr_carea' id='block_1_3' title="bbox 124 315 1180 1150">
    <p class='ocr_par' dir='ltr' id='par_1_3' title="bbox 124 315 1180 1150">
     <span class='ocr_line' id='line_1_3' title="bbox 154 315 1176 409; baseline -0.004 -20"><span class='ocrx_word' id='word_1_5' title='bbox 154 321 238 409; x_wconf 81' lang='grc' dir='ltr'><em>πρὸς</em></span> <span class='ocrx_word' id='word_1_6' title='bbox 257 327 338 405; x_wconf 90' lang='grc' dir='ltr'><em>ΜΡ,</em></span> <span class='ocrx_word' id='word_1_7' title='bbox 357 318 378 407; x_wconf 81' lang='grc' dir='ltr'><em>ἡ</em></span> <span class='ocrx_word' id='word_1_8' title='bbox 399 326 472 387; x_wconf 90' lang='grc' dir='ltr'><em>ΟΝ</em></span> <span class='ocrx_word' id='word_1_9' title='bbox 486 316 569 407; x_wconf 85' lang='grc' dir='ltr'><em>πρὸς</em></span> <span class='ocrx_word' id='word_1_10' title='bbox 586 317 648 404; x_wconf 83' lang='grc' dir='ltr'><em>τὴν</em></span> <span class='ocrx_word' id='word_1_11' title='bbox 668 324 706 385; x_wconf 94' lang='lat' dir='ltr'><strong><em>N</em></strong></span> <span class='ocrx_word' id='word_1_12' title='bbox 708 325 746 384; x_wconf 71' lang='grc' dir='ltr'><em>Ρ</em></span> <span class='ocrx_word' id='word_1_13' title='bbox 770 315 983 405; x_wconf 76' lang='grc' dir='ltr'><em>ἀσύμμετρος</em></span> <span class='ocrx_word' id='word_1_14' title='bbox 1000 316 1068 405; x_wconf 83' lang='grc' dir='ltr'><em>άρα</em></span> <span class='ocrx_word' id='word_1_15' title='bbox 1084 317 1176 385; x_wconf 79' lang='grc' dir='ltr'><em>ἐστὶν</em></span> 
     </span>
     <span class='ocr_line' id='line_1_4' title="bbox 155 420 1180 515; baseline -0.002 -21"><span class='ocrx_word' id='word_1_16' title='bbox 155 425 331 515; x_wconf 79' lang='grc' dir='ltr'><em>ἡΟΝτῇ</em></span> <span class='ocrx_word' id='word_1_17' title='bbox 356 431 429 493; x_wconf 91' lang='grc' dir='ltr'><em>ΝΡ.</em></span> <span class='ocrx_word' id='word_1_18' title='bbox 468 432 524 511; x_wconf 78' lang='grc' dir='ltr'><em>λση</em></span> <span class='ocrx_word' id='word_1_19' title='bbox 549 423 585 493; x_wconf 73' lang='grc' dir='ltr'><em>δὲ</em></span> <span class='ocrx_word' id='word_1_20' title='bbox 608 422 629 511; x_wconf 83' lang='grc' dir='ltr'><em>ἡ</em></span> <span class='ocrx_word' id='word_1_21' title='bbox 653 423 714 510; x_wconf 73' lang='grc' dir='ltr'><em>μὲν</em></span> <span class='ocrx_word' id='word_1_22' title='bbox 739 430 813 491; x_wconf 89' lang='grc' dir='ltr'><em>ΟΝ</em></span> <span class='ocrx_word' id='word_1_23' title='bbox 832 426 871 511; x_wconf 76' lang='grc' dir='ltr'><em>τῇ</em></span> <span class='ocrx_word' id='word_1_24' title='bbox 895 428 982 510; x_wconf 88' lang='grc' dir='ltr'><em>ΜΝ,</em></span> <span class='ocrx_word' id='word_1_25' title='bbox 1004 420 1027 509; x_wconf 80' lang='grc' dir='ltr'><em>ἡ</em></span> <span class='ocrx_word' id='word_1_26' title='bbox 1051 423 1093 492; x_wconf 72' lang='grc' dir='ltr'><em>δὲ</em></span> <span class='ocrx_word' id='word_1_27' title='bbox 1112 430 1180 492; x_wconf 90' lang='grc' dir='ltr'><em>ΝΡ</em></span> 
     </span>
     <span class='ocr_line' id='line_1_5' title="bbox 155 526 1179 622; baseline -0.004 -21"><span class='ocrx_word' id='word_1_28' title='bbox 155 544 195 622; x_wconf 78' lang='grc' dir='ltr'><em>τῇ</em></span> <span class='ocrx_word' id='word_1_29' title='bbox 218 536 299 608; x_wconf 74' lang='grc' dir='ltr'><em>ΝΞ·</em></span> <span class='ocrx_word' id='word_1_30' title='bbox 337 530 547 618; x_wconf 79' lang='grc' dir='ltr'><em>ἀσύμμετρος</em></span> <span class='ocrx_word' id='word_1_31' title='bbox 574 529 641 618; x_wconf 82' lang='grc' dir='ltr'><em>άρα</em></span> <span class='ocrx_word' id='word_1_32' title='bbox 668 529 759 598; x_wconf 78' lang='grc' dir='ltr'><em>ἐστὶν</em></span> <span class='ocrx_word' id='word_1_33' title='bbox 787 526 972 617; x_wconf 80' lang='grc' dir='ltr'><em>ηΜΝτῇ</em></span> <span class='ocrx_word' id='word_1_34' title='bbox 996 532 1074 606; x_wconf 76' lang='grc' dir='ltr'><em>ΝΞ.</em></span> <span class='ocrx_word' id='word_1_35' title='bbox 1122 535 1179 597; x_wconf 81' lang='grc' dir='ltr'><em>καί</em></span> 
     </span>
     <span class='ocr_line' id='line_1_6' title="bbox 157 633 1175 727; baseline -0.003 -21"><span class='ocrx_word' id='word_1_36' title='bbox 157 641 226 706; x_wconf 80' lang='grc' dir='ltr'><em>ἐστι</em></span> <span class='ocrx_word' id='word_1_37' title='bbox 248 638 286 707; x_wconf 88' lang='grc' dir='ltr'><em>τὸ</em></span> <span class='ocrx_word' id='word_1_38' title='bbox 307 635 372 706; x_wconf 90' lang='grc' dir='ltr'><em>άπὸ</em></span> <span class='ocrx_word' id='word_1_39' title='bbox 396 647 454 724; x_wconf 81' lang='grc' dir='ltr'><em>τῆς</em></span> <span class='ocrx_word' id='word_1_40' title='bbox 473 644 555 704; x_wconf 90' lang='grc' dir='ltr'><em>ΜΝ</em></span> <span class='ocrx_word' id='word_1_41' title='bbox 571 635 760 723; x_wconf 80' lang='grc' dir='ltr'><em>σύμμετρον</em></span> <span class='ocrx_word' id='word_1_42' title='bbox 783 645 829 727; x_wconf 76' lang='grc' dir='ltr'><em>τῷ</em></span> <span class='ocrx_word' id='word_1_43' title='bbox 853 633 919 703; x_wconf 87' lang='grc' dir='ltr'><em>άπὸ</em></span> <span class='ocrx_word' id='word_1_44' title='bbox 942 639 1000 722; x_wconf 78' lang='grc' dir='ltr'><em>της</em></span> <span class='ocrx_word' id='word_1_45' title='bbox 1018 638 1101 721; x_wconf 75' lang='grc' dir='ltr'><em>ΝΞ,</em></span> <span class='ocrx_word' id='word_1_46' title='bbox 1122 636 1175 704; x_wconf 82' lang='grc' dir='ltr'><em>ιιαλ</em></span> 
     </span>
     <span class='ocr_line' id='line_1_7' title="bbox 124 740 1176 832; baseline -0.008 -15"><span class='ocrx_word' id='word_1_47' title='bbox 124 768 140 817; x_wconf 82' lang='lat'><strong>5</strong></span> <span class='ocrx_word' id='word_1_48' title='bbox 159 743 262 832; x_wconf 82' lang='grc' dir='ltr'><em>ῥητὸν</em></span> <span class='ocrx_word' id='word_1_49' title='bbox 281 744 451 828; x_wconf 83' lang='grc' dir='ltr'><em>ἑκάτερον·</em></span> <span class='ocrx_word' id='word_1_50' title='bbox 475 746 512 810; x_wconf 80' lang='grc' dir='ltr'><em>αλ</em></span> <span class='ocrx_word' id='word_1_51' title='bbox 529 749 619 828; x_wconf 92' lang='grc' dir='ltr'><em>ΜΝ,</em></span> <span class='ocrx_word' id='word_1_52' title='bbox 643 744 712 818; x_wconf 76' lang='grc' dir='ltr'><em>ΝΞ</em></span> <span class='ocrx_word' id='word_1_53' title='bbox 732 740 797 829; x_wconf 84' lang='grc' dir='ltr'><em>άρα</em></span> <span class='ocrx_word' id='word_1_54' title='bbox 820 742 921 829; x_wconf 80' lang='grc' dir='ltr'><em>ῥηταί</em></span> <span class='ocrx_word' id='word_1_55' title='bbox 941 746 1005 810; x_wconf 79' lang='grc' dir='ltr'><em>εἰσι</em></span> <span class='ocrx_word' id='word_1_56' title='bbox 1030 741 1176 829; x_wconf 79' lang='grc' dir='ltr'><em>δυνάμει</em></span> 
     </span>
     <span class='ocr_line' id='line_1_8' title="bbox 157 850 474 938; baseline -0.009 -19"><span class='ocrx_word' id='word_1_57' title='bbox 157 850 265 938; x_wconf 88' lang='grc' dir='ltr'><em>μόνον</em></span> <span class='ocrx_word' id='word_1_58' title='bbox 285 850 474 936; x_wconf 84' lang='grc' dir='ltr'><em>σύμμετροι.</em></span> 
     </span>
     <span class='ocr_line' id='line_1_9' title="bbox 218 952 1175 1043; baseline -0.002 -19"><span class='ocrx_word' id='word_1_59' title='bbox 218 955 265 1024; x_wconf 90' lang='grc' dir='ltr'><em>Ἡ</em></span> <span class='ocrx_word' id='word_1_60' title='bbox 288 962 363 1034; x_wconf 76' lang='grc' dir='ltr'><em>ΜΞ</em></span> <span class='ocrx_word' id='word_1_61' title='bbox 388 954 453 1043; x_wconf 86' lang='grc' dir='ltr'><em>άρα</em></span> <span class='ocrx_word' id='word_1_62' title='bbox 482 959 516 1024; x_wconf 80' lang='grc' dir='ltr'><em>ἐκ</em></span> <span class='ocrx_word' id='word_1_63' title='bbox 545 954 608 1023; x_wconf 83' lang='grc' dir='ltr'><em>δύο</em></span> <span class='ocrx_word' id='word_1_64' title='bbox 637 952 812 1040; x_wconf 80' lang='grc' dir='ltr'><em>ὀνομάτων</em></span> <span class='ocrx_word' id='word_1_65' title='bbox 840 954 909 1022; x_wconf 82' lang='grc' dir='ltr'><em>ἐστὶ</em></span> <span class='ocrx_word' id='word_1_66' title='bbox 942 953 999 1023; x_wconf 81' lang='grc' dir='ltr'><em>καὶ</em></span> <span class='ocrx_word' id='word_1_67' title='bbox 1032 953 1175 1022; x_wconf 81' lang='grc' dir='ltr'><em>δύναται</em></span> 
     </span>
     <span class='ocr_line' id='line_1_10' title="bbox 156 1060 631 1150; baseline -0.004 -18"><span class='ocrx_word' id='word_1_68' title='bbox 156 1063 195 1132; x_wconf 89' lang='grc' dir='ltr'><em>τὸ</em></span> <span class='ocrx_word' id='word_1_69' title='bbox 218 1070 296 1132; x_wconf 86' lang='grc' dir='ltr'><em>ΑΓ·</em></span> <span class='ocrx_word' id='word_1_70' title='bbox 321 1060 401 1150; x_wconf 79' lang='grc' dir='ltr'><em>ὅπερ</em></span> <span class='ocrx_word' id='word_1_71' title='bbox 426 1065 493 1129; x_wconf 76' lang='grc' dir='ltr'><em>ἔδει</em></span> <span class='ocrx_word' id='word_1_72' title='bbox 518 1061 631 1141; x_wconf 81' lang='grc' dir='ltr'><em>δεῖξαι.</em></span> 
     </span>
    </p>
   </div>
   <div class='ocr_carea' id='block_1_4' title="bbox 106 1263 1179 2832">
    <p class='ocr_par' dir='ltr' id='par_1_4' title="bbox 637 1263 693 1305">
     <span class='ocr_line' id='line_1_11' title="bbox 637 1263 693 1305; baseline 0 -1"><span class='ocrx_word' id='word_1_73' title='bbox 637 1263 693 1305; x_wconf 92' lang='grc' dir='ltr'><em>νε.</em></span> 
     </span>
    </p>

    <p class='ocr_par' dir='ltr' id='par_1_5' title="bbox 106 1360 1176 1767">
     <span class='ocr_line' id='line_1_12' title="bbox 106 1360 1176 1450; baseline -0.003 -19"><span class='ocrx_word' id='word_1_74' title='bbox 106 1389 139 1438; x_wconf 85' lang='lat'><em>10</em></span> <span class='ocrx_word' id='word_1_75' title='bbox 222 1362 308 1431; x_wconf 85' lang='grc' dir='ltr'><em>Ἐάν</em></span> <span class='ocrx_word' id='word_1_76' title='bbox 337 1368 485 1450; x_wconf 82' lang='grc' dir='ltr'><em>χωρίον</em></span> <span class='ocrx_word' id='word_1_77' title='bbox 511 1364 742 1449; x_wconf 76' lang='grc' dir='ltr'><em>περιέχηται</em></span> <span class='ocrx_word' id='word_1_78' title='bbox 768 1360 845 1430; x_wconf 83' lang='grc' dir='ltr'><em>ὑπὸ</em></span> <span class='ocrx_word' id='word_1_79' title='bbox 875 1363 994 1449; x_wconf 77' lang='grc' dir='ltr'><em>ῥητῆς</em></span> <span class='ocrx_word' id='word_1_80' title='bbox 1020 1360 1176 1447; x_wconf 80' lang='grc' dir='ltr'><em>καὶτῆς</em></span> 
     </span>
     <span class='ocr_line' id='line_1_13' title="bbox 159 1465 1176 1555; baseline -0.002 -18"><span class='ocrx_word' id='word_1_81' title='bbox 159 1473 199 1538; x_wconf 80' lang='grc' dir='ltr'><em>ἐκ</em></span> <span class='ocrx_word' id='word_1_82' title='bbox 231 1467 302 1536; x_wconf 87' lang='grc' dir='ltr'><em>δύο</em></span> <span class='ocrx_word' id='word_1_83' title='bbox 337 1466 546 1554; x_wconf 81' lang='grc' dir='ltr'><em>ὀνομάτων</em></span> <span class='ocrx_word' id='word_1_84' title='bbox 580 1470 784 1555; x_wconf 82' lang='grc' dir='ltr'><em>δευτέρας,</em></span> <span class='ocrx_word' id='word_1_85' title='bbox 816 1465 836 1554; x_wconf 75' lang='grc' dir='ltr'>ἡ</span> <span class='ocrx_word' id='word_1_86' title='bbox 864 1466 906 1536; x_wconf 90' lang='grc' dir='ltr'><em>τὸ</em></span> <span class='ocrx_word' id='word_1_87' title='bbox 933 1472 1083 1555; x_wconf 87' lang='grc' dir='ltr'><em>χωρίον</em></span> <span class='ocrx_word' id='word_1_88' title='bbox 1113 1471 1176 1535; x_wconf 91' lang='grc' dir='ltr'><em>δυ·</em></span> 
     </span>
     <span class='ocr_line' id='line_1_14' title="bbox 158 1571 1176 1660; baseline -0.001 -18"><span class='ocrx_word' id='word_1_89' title='bbox 158 1575 306 1660; x_wconf 87' lang='grc' dir='ltr'><em>υαμένη</em></span> <span class='ocrx_word' id='word_1_90' title='bbox 336 1571 479 1659; x_wconf 81' lang='grc' dir='ltr'><em>άλογός</em></span> <span class='ocrx_word' id='word_1_91' title='bbox 507 1576 615 1642; x_wconf 82' lang='grc' dir='ltr'><em>ἐστιν</em></span> <span class='ocrx_word' id='word_1_92' title='bbox 643 1571 663 1660; x_wconf 78' lang='grc' dir='ltr'><em>ἡ</em></span> <span class='ocrx_word' id='word_1_93' title='bbox 693 1576 917 1660; x_wconf 80' lang='grc' dir='ltr'><em>καλουμένη</em></span> <span class='ocrx_word' id='word_1_94' title='bbox 946 1576 987 1641; x_wconf 79' lang='grc' dir='ltr'><em>ἐκ</em></span> <span class='ocrx_word' id='word_1_95' title='bbox 1014 1572 1088 1641; x_wconf 83' lang='grc' dir='ltr'><em>δύο</em></span> <span class='ocrx_word' id='word_1_96' title='bbox 1113 1574 1176 1660; x_wconf 81' lang='grc' dir='ltr'><em>μέ·</em></span> 
     </span>
     <span class='ocr_line' id='line_1_15' title="bbox 159 1679 1069 1767; baseline -0.003 -19"><span class='ocrx_word' id='word_1_97' title='bbox 159 1701 238 1748; x_wconf 90' lang='grc' dir='ltr'><em>σωυ</em></span> <span class='ocrx_word' id='word_1_98' title='bbox 265 1679 406 1767; x_wconf 77' lang='grc' dir='ltr'><em>πρώτη.</em></span> <span class='ocrx_word' id='word_1_99' title='bbox 1065 1680 1069 1687; x_wconf 81' lang='grc'><strong>’</strong></span> 
     </span>
    </p>

    <p class='ocr_par' dir='ltr' id='par_1_6' title="bbox 226 1782 1177 1874">
     <span class='ocr_line' id='line_1_16' title="bbox 226 1782 1177 1874; baseline 0.001 -22"><span class='ocrx_word' id='word_1_100' title='bbox 226 1786 441 1873; x_wconf 78' lang='grc' dir='ltr'><em>Περιεχέσθω</em></span> <span class='ocrx_word' id='word_1_101' title='bbox 477 1783 541 1873; x_wconf 79' lang='grc' dir='ltr'><em>γὰρ</em></span> <span class='ocrx_word' id='word_1_102' title='bbox 578 1790 703 1874; x_wconf 89' lang='grc' dir='ltr'><em>χωρίον</em></span> <span class='ocrx_word' id='word_1_103' title='bbox 733 1785 770 1855; x_wconf 89' lang='grc' dir='ltr'><em>τὸ</em></span> <span class='ocrx_word' id='word_1_104' title='bbox 804 1790 944 1855; x_wconf 85' lang='grc' dir='ltr'><em>ΑΒΓΔ</em></span> <span class='ocrx_word' id='word_1_105' title='bbox 975 1782 1042 1854; x_wconf 82' lang='grc' dir='ltr'><em>ὑπὸ</em></span> <span class='ocrx_word' id='word_1_106' title='bbox 1074 1788 1177 1874; x_wconf 77' lang='grc' dir='ltr'><em>ῥητῆς</em></span> 
     </span>
    </p>

    <p class='ocr_par' dir='ltr' id='par_1_7' title="bbox 108 1890 1177 2195">
     <span class='ocr_line' id='line_1_17' title="bbox 108 1890 1176 1980; baseline 0.001 -21"><span class='ocrx_word' id='word_1_107' title='bbox 108 1917 141 1966; x_wconf 84' lang='lat'><em>15</em></span> <span class='ocrx_word' id='word_1_108' title='bbox 159 1895 218 1978; x_wconf 78' lang='grc' dir='ltr'><em>τῆς</em></span> <span class='ocrx_word' id='word_1_109' title='bbox 240 1900 307 1959; x_wconf 85' lang='lat' dir='ltr'><em>AB</em></span> <span class='ocrx_word' id='word_1_110' title='bbox 330 1892 466 1979; x_wconf 77' lang='grc' dir='ltr'><em>καὶτῆς</em></span> <span class='ocrx_word' id='word_1_111' title='bbox 489 1894 524 1960; x_wconf 82' lang='grc' dir='ltr'><em>ἑτι</em></span> <span class='ocrx_word' id='word_1_112' title='bbox 548 1893 611 1961; x_wconf 85' lang='grc' dir='ltr'><em>δύο</em></span> <span class='ocrx_word' id='word_1_113' title='bbox 635 1890 811 1980; x_wconf 88' lang='grc' dir='ltr'><em>ὀνομάτων</em></span> <span class='ocrx_word' id='word_1_114' title='bbox 835 1893 992 1980; x_wconf 82' lang='grc' dir='ltr'><em>δευτέρας</em></span> <span class='ocrx_word' id='word_1_115' title='bbox 1012 1895 1072 1979; x_wconf 80' lang='grc' dir='ltr'><em>τῆς</em></span> <span class='ocrx_word' id='word_1_116' title='bbox 1093 1901 1176 1960; x_wconf 90' lang='lat' dir='ltr'><em>AA·</em></span> 
     </span>
     <span class='ocr_line' id='line_1_18' title="bbox 160 1996 1177 2087; baseline -0.001 -19"><span class='ocrx_word' id='word_1_117' title='bbox 160 2000 260 2087; x_wconf 83' lang='grc' dir='ltr'><em>λέγω,</em></span> <span class='ocrx_word' id='word_1_118' title='bbox 289 1996 340 2067; x_wconf 86' lang='grc' dir='ltr'><em>ὀτι</em></span> <span class='ocrx_word' id='word_1_119' title='bbox 364 1996 385 2086; x_wconf 86' lang='grc' dir='ltr'><em>ἡ</em></span> <span class='ocrx_word' id='word_1_120' title='bbox 408 1998 445 2068; x_wconf 90' lang='grc' dir='ltr'><em>τὸ</em></span> <span class='ocrx_word' id='word_1_121' title='bbox 469 2004 539 2067; x_wconf 87' lang='grc' dir='ltr'><em>ΑΓ</em></span> <span class='ocrx_word' id='word_1_122' title='bbox 556 2004 682 2087; x_wconf 87' lang='grc' dir='ltr'><em>χωρίον</em></span> <span class='ocrx_word' id='word_1_123' title='bbox 709 1999 880 2086; x_wconf 76' lang='grc' dir='ltr'><em>δυναμένη</em></span> <span class='ocrx_word' id='word_1_124' title='bbox 909 2000 946 2067; x_wconf 78' lang='grc' dir='ltr'><em>ἐκ</em></span> <span class='ocrx_word' id='word_1_125' title='bbox 973 1996 1036 2066; x_wconf 80' lang='grc' dir='ltr'><em>δύο</em></span> <span class='ocrx_word' id='word_1_126' title='bbox 1064 2000 1177 2085; x_wconf 82' lang='grc' dir='ltr'><em>μέσων</em></span> 
     </span>
     <span class='ocr_line' id='line_1_19' title="bbox 160 2105 396 2195; baseline 0.004 -22"><span class='ocrx_word' id='word_1_127' title='bbox 160 2105 273 2195; x_wconf 75' lang='grc' dir='ltr'><em>πρώτη</em></span> <span class='ocrx_word' id='word_1_128' title='bbox 297 2107 396 2175; x_wconf 79' lang='grc' dir='ltr'><em>ἐστίν.</em></span> 
     </span>
    </p>

    <p class='ocr_par' dir='ltr' id='par_1_8' title="bbox 162 2209 1177 2408">
     <span class='ocr_line' id='line_1_20' title="bbox 225 2209 1177 2301; baseline -0.003 -19"><span class='ocrx_word' id='word_1_129' title='bbox 225 2213 312 2282; x_wconf 83' lang='grc' dir='ltr'><em>Ἐπεὶ</em></span> <span class='ocrx_word' id='word_1_130' title='bbox 336 2213 401 2301; x_wconf 80' lang='grc' dir='ltr'><em>γάρ</em></span> <span class='ocrx_word' id='word_1_131' title='bbox 425 2212 547 2281; x_wconf 81' lang='grc' dir='ltr'><em>ἐκδύο</em></span> <span class='ocrx_word' id='word_1_132' title='bbox 572 2209 750 2299; x_wconf 85' lang='grc' dir='ltr'><em>ὀνομάτων</em></span> <span class='ocrx_word' id='word_1_133' title='bbox 773 2213 911 2301; x_wconf 90' lang='grc' dir='ltr'><em>δευτέρα</em></span> <span class='ocrx_word' id='word_1_134' title='bbox 930 2211 1022 2281; x_wconf 77' lang='grc' dir='ltr'><em>ἐστὶν</em></span> <span class='ocrx_word' id='word_1_135' title='bbox 1045 2209 1067 2296; x_wconf 83' lang='grc' dir='ltr'><em>ἡ</em></span> <span class='ocrx_word' id='word_1_136' title='bbox 1091 2218 1177 2297; x_wconf 85' lang='grc' dir='ltr'><em>ΑΛ,</em></span> 
     </span>
     <span class='ocr_line' id='line_1_21' title="bbox 162 2315 1177 2408; baseline -0.005 -19"><span class='ocrx_word' id='word_1_137' title='bbox 162 2322 336 2408; x_wconf 83' lang='grc' dir='ltr'><em>διηρήσθω</em></span> <span class='ocrx_word' id='word_1_138' title='bbox 360 2324 407 2398; x_wconf 80' lang='grc' dir='ltr'><em>εἰς</em></span> <span class='ocrx_word' id='word_1_139' title='bbox 430 2317 470 2386; x_wconf 83' lang='grc' dir='ltr'><em>τὰ</em></span> <span class='ocrx_word' id='word_1_140' title='bbox 494 2317 643 2405; x_wconf 84' lang='grc' dir='ltr'><em>ὀνόματα</em></span> <span class='ocrx_word' id='word_1_141' title='bbox 665 2317 750 2386; x_wconf 84' lang='grc' dir='ltr'><em>κατὰ</em></span> <span class='ocrx_word' id='word_1_142' title='bbox 768 2316 806 2387; x_wconf 84' lang='grc' dir='ltr'><em>τὸ</em></span> <span class='ocrx_word' id='word_1_143' title='bbox 830 2325 871 2404; x_wconf 91' lang='lat' dir='ltr'><em>E,</em></span> <span class='ocrx_word' id='word_1_144' title='bbox 896 2318 981 2387; x_wconf 74' lang='grc' dir='ltr'><em>ὥστε</em></span> <span class='ocrx_word' id='word_1_145' title='bbox 1001 2315 1040 2386; x_wconf 87' lang='grc' dir='ltr'><em>τὸ</em></span> <span class='ocrx_word' id='word_1_146' title='bbox 1064 2322 1177 2403; x_wconf 75' lang='grc' dir='ltr'><em>μεῖζον</em></span> 
     </span>
    </p>

    <p class='ocr_par' dir='ltr' id='par_1_9' title="bbox 108 2422 1179 2832">
     <span class='ocr_line' id='line_1_22' title="bbox 108 2422 1179 2512; baseline -0.006 -15"><span class='ocrx_word' id='word_1_147' title='bbox 108 2449 143 2498; x_wconf 80' lang='lat'><em>20</em></span> <span class='ocrx_word' id='word_1_148' title='bbox 162 2425 268 2512; x_wconf 79' lang='grc' dir='ltr'><em>ὄνομα</em></span> <span class='ocrx_word' id='word_1_149' title='bbox 293 2422 379 2492; x_wconf 81' lang='grc' dir='ltr'><em>εἶναι</em></span> <span class='ocrx_word' id='word_1_150' title='bbox 403 2424 440 2492; x_wconf 90' lang='grc' dir='ltr'><em>τὸ</em></span> <span class='ocrx_word' id='word_1_151' title='bbox 464 2432 545 2512; x_wconf 31' lang='grc' dir='ltr'><em>ΑχΕ·</em></span> <span class='ocrx_word' id='word_1_152' title='bbox 569 2428 607 2493; x_wconf 81' lang='grc' dir='ltr'><em>αλ</em></span> <span class='ocrx_word' id='word_1_153' title='bbox 626 2433 659 2492; x_wconf 89' lang='lat' dir='ltr'><em>A</em></span> <span class='ocrx_word' id='word_1_154' title='bbox 666 2433 712 2511; x_wconf 90' lang='lat' dir='ltr'><em>E,</em></span> <span class='ocrx_word' id='word_1_155' title='bbox 735 2432 804 2492; x_wconf 98' lang='lat' dir='ltr'><em>EA</em></span> <span class='ocrx_word' id='word_1_156' title='bbox 828 2424 893 2512; x_wconf 76' lang='grc' dir='ltr'><em>ἄρα</em></span> <span class='ocrx_word' id='word_1_157' title='bbox 915 2426 1016 2511; x_wconf 81' lang='grc' dir='ltr'><em>ῥηταί</em></span> <span class='ocrx_word' id='word_1_158' title='bbox 1034 2427 1101 2491; x_wconf 85' lang='grc' dir='ltr'><em>εἰσι</em></span> <span class='ocrx_word' id='word_1_159' title='bbox 1125 2427 1179 2491; x_wconf 92' lang='grc' dir='ltr'><em>δυ·</em></span> 
     </span>
     <span class='ocr_line' id='line_1_23' title="bbox 161 2529 1179 2619; baseline -0.001 -21"><span class='ocrx_word' id='word_1_160' title='bbox 161 2530 260 2616; x_wconf 91' lang='grc' dir='ltr'><em>νάμει</em></span> <span class='ocrx_word' id='word_1_161' title='bbox 284 2531 392 2616; x_wconf 86' lang='grc' dir='ltr'><em>μόνον</em></span> <span class='ocrx_word' id='word_1_162' title='bbox 411 2530 604 2619; x_wconf 84' lang='grc' dir='ltr'><em>σύμμετροι,</em></span> <span class='ocrx_word' id='word_1_163' title='bbox 626 2531 682 2599; x_wconf 82' lang='grc' dir='ltr'><em>καὶ</em></span> <span class='ocrx_word' id='word_1_164' title='bbox 700 2529 721 2618; x_wconf 81' lang='grc' dir='ltr'><em>ἡ</em></span> <span class='ocrx_word' id='word_1_165' title='bbox 741 2541 773 2599; x_wconf 87' lang='grc' dir='ltr'><em>Α</em></span> <span class='ocrx_word' id='word_1_166' title='bbox 779 2539 810 2599; x_wconf 87' lang='grc' dir='ltr'><em>Ε</em></span> <span class='ocrx_word' id='word_1_167' title='bbox 826 2535 884 2618; x_wconf 82' lang='grc' dir='ltr'><em>τῆς</em></span> <span class='ocrx_word' id='word_1_168' title='bbox 901 2538 971 2598; x_wconf 90' lang='lat' dir='ltr'><em>EA</em></span> <span class='ocrx_word' id='word_1_169' title='bbox 989 2534 1103 2617; x_wconf 76' lang='grc' dir='ltr'><em>μεῖζον</em></span> <span class='ocrx_word' id='word_1_170' title='bbox 1121 2529 1179 2597; x_wconf 82' lang='grc' dir='ltr'><em>δά-</em></span> 
     </span>
     <span class='ocr_line' id='line_1_24' title="bbox 162 2633 1179 2728; baseline 0 -23"><span class='ocrx_word' id='word_1_171' title='bbox 162 2662 259 2705; x_wconf 90' lang='grc' dir='ltr'><em>ναται</em></span> <span class='ocrx_word' id='word_1_172' title='bbox 281 2639 326 2728; x_wconf 78' lang='grc' dir='ltr'><em>τῷ</em></span> <span class='ocrx_word' id='word_1_173' title='bbox 347 2634 412 2705; x_wconf 82' lang='grc' dir='ltr'><em>ἀπὸ</em></span> <span class='ocrx_word' id='word_1_174' title='bbox 432 2638 622 2725; x_wconf 89' lang='grc' dir='ltr'><em>συμμέτρου</em></span> <span class='ocrx_word' id='word_1_175' title='bbox 646 2638 761 2725; x_wconf 80' lang='grc' dir='ltr'><em>ἐνιπῇ,</em></span> <span class='ocrx_word' id='word_1_176' title='bbox 784 2636 840 2704; x_wconf 85' lang='grc' dir='ltr'><em>ταὶ</em></span> <span class='ocrx_word' id='word_1_177' title='bbox 858 2636 897 2705; x_wconf 90' lang='grc' dir='ltr'><em>τὸ</em></span> <span class='ocrx_word' id='word_1_178' title='bbox 917 2641 1054 2705; x_wconf 79' lang='grc' dir='ltr'><em>ἔλαττον</em></span> <span class='ocrx_word' id='word_1_179' title='bbox 1070 2633 1179 2722; x_wconf 79' lang='grc' dir='ltr'><em>ὄνομα</em></span> 
     </span>
     <span class='ocr_line' id='line_1_25' title="bbox 161 2738 1179 2832; baseline -0.002 -22"><span class='ocrx_word' id='word_1_180' title='bbox 161 2739 182 2829; x_wconf 81' lang='grc' dir='ltr'><em>ἡ</em></span> <span class='ocrx_word' id='word_1_181' title='bbox 202 2749 271 2810; x_wconf 95' lang='lat' dir='ltr'><em>EA</em></span> <span class='ocrx_word' id='word_1_182' title='bbox 290 2741 477 2831; x_wconf 83' lang='grc' dir='ltr'><em>σύμμετρόν</em></span> <span class='ocrx_word' id='word_1_183' title='bbox 501 2746 570 2811; x_wconf 79' lang='grc' dir='ltr'><em>ἐστι</em></span> <span class='ocrx_word' id='word_1_184' title='bbox 592 2747 632 2832; x_wconf 72' lang='grc' dir='ltr'><em>τῇ</em></span> <span class='ocrx_word' id='word_1_185' title='bbox 651 2751 716 2811; x_wconf 85' lang='lat' dir='ltr'><em>AB</em></span> <span class='ocrx_word' id='word_1_186' title='bbox 735 2742 840 2831; x_wconf 78' lang='grc' dir='ltr'><em>μήκει.</em></span> <span class='ocrx_word' id='word_1_187' title='bbox 876 2741 1051 2829; x_wconf 77' lang='grc' dir='ltr'><em>τετμήσθω</em></span> <span class='ocrx_word' id='word_1_188' title='bbox 1069 2738 1090 2827; x_wconf 78' lang='grc' dir='ltr'>ἡ</span> <span class='ocrx_word' id='word_1_189' title='bbox 1111 2749 1179 2809; x_wconf 89' lang='lat' dir='ltr'><em>EA</em></span> 
     </span>
    </p>
   </div>
   <div class='ocr_carea' id='block_1_5' title="bbox 39 2846 1180 2940">
    <p class='ocr_par' dir='ltr' id='par_1_10' title="bbox 39 2846 1180 2940">
     <span class='ocr_line' id='line_1_26' title="bbox 39 2846 1180 2940; baseline 0 -24"><span class='ocrx_word' id='word_1_190' title='bbox 39 2898 42 2903; x_wconf 89' lang='lat'><em>-</em></span> <span class='ocrx_word' id='word_1_191' title='bbox 163 2852 240 2936; x_wconf 84' lang='grc' dir='ltr'><em>δίχα</em></span> <span class='ocrx_word' id='word_1_192' title='bbox 262 2850 344 2916; x_wconf 83' lang='grc' dir='ltr'><em>κατὰ</em></span> <span class='ocrx_word' id='word_1_193' title='bbox 368 2849 405 2917; x_wconf 89' lang='grc' dir='ltr'><em>τὸ</em></span> <span class='ocrx_word' id='word_1_194' title='bbox 430 2856 473 2935; x_wconf 89' lang='grc' dir='ltr'><em>Ζ,</em></span> <span class='ocrx_word' id='word_1_195' title='bbox 496 2849 552 2917; x_wconf 82' lang='grc' dir='ltr'><em>καὶ</em></span> <span class='ocrx_word' id='word_1_196' title='bbox 574 2853 620 2940; x_wconf 80' lang='grc' dir='ltr'><em>τῷ</em></span> <span class='ocrx_word' id='word_1_197' title='bbox 644 2848 709 2917; x_wconf 87' lang='grc' dir='ltr'><em>άπὸ</em></span> <span class='ocrx_word' id='word_1_198' title='bbox 732 2852 791 2936; x_wconf 79' lang='grc' dir='ltr'><em>τῆς</em></span> <span class='ocrx_word' id='word_1_199' title='bbox 814 2854 876 2915; x_wconf 87' lang='grc' dir='ltr'><em>ΕΖ</em></span> <span class='ocrx_word' id='word_1_200' title='bbox 900 2856 976 2916; x_wconf 75' lang='grc' dir='ltr'><em>ἴσον</em></span> <span class='ocrx_word' id='word_1_201' title='bbox 1003 2846 1094 2935; x_wconf 79' lang='grc' dir='ltr'><em>παρὰ</em></span> <span class='ocrx_word' id='word_1_202' title='bbox 1118 2846 1180 2934; x_wconf 76' lang='grc' dir='ltr'><em>τὴν</em></span> 
     </span>
    </p>
   </div>
   <div class='ocr_carea' id='block_1_6' title="bbox 109 2950 1180 3149">
    <p class='ocr_par' dir='ltr' id='par_1_11' title="bbox 109 2950 1180 3149">
     <span class='ocr_line' id='line_1_27' title="bbox 109 2950 1179 3044; baseline -0.005 -18"><span class='ocrx_word' id='word_1_203' title='bbox 109 2978 144 3027; x_wconf 76' lang='lat'><em>25</em></span> <span class='ocrx_word' id='word_1_204' title='bbox 163 2963 231 3023; x_wconf 87' lang='lat' dir='ltr'><em>AE</em></span> <span class='ocrx_word' id='word_1_205' title='bbox 252 2954 520 3043; x_wconf 73' lang='grc' dir='ltr'><em>παραβεβλήσθω</em></span> <span class='ocrx_word' id='word_1_206' title='bbox 549 2958 701 3023; x_wconf 79' lang='grc' dir='ltr'><em>ἐλλεῖπον</em></span> <span class='ocrx_word' id='word_1_207' title='bbox 727 2957 809 3022; x_wconf 73' lang='grc' dir='ltr'><em>εἴδει</em></span> <span class='ocrx_word' id='word_1_208' title='bbox 831 2951 1028 3044; x_wconf 76' lang='grc' dir='ltr'><em>τετραγώνῳ</em></span> <span class='ocrx_word' id='word_1_209' title='bbox 1052 2950 1089 3022; x_wconf 84' lang='grc' dir='ltr'><em>τὸ</em></span> <span class='ocrx_word' id='word_1_210' title='bbox 1114 2950 1179 3022; x_wconf 77' lang='grc' dir='ltr'><em>ὑπὸ</em></span> 
     </span>
     <span class='ocr_line' id='line_1_28' title="bbox 163 3058 1180 3149; baseline -0.002 -21"><span class='ocrx_word' id='word_1_211' title='bbox 163 3065 232 3131; x_wconf 78' lang='grc' dir='ltr'><em>τῶν</em></span> <span class='ocrx_word' id='word_1_212' title='bbox 251 3068 368 3129; x_wconf 87' lang='grc' dir='ltr'><em>ΑΗΕ·</em></span> <span class='ocrx_word' id='word_1_213' title='bbox 397 3061 582 3149; x_wconf 78' lang='grc' dir='ltr'><em>σύμμετρος</em></span> <span class='ocrx_word' id='word_1_214' title='bbox 603 3058 668 3148; x_wconf 86' lang='grc' dir='ltr'><em>άρα</em></span> <span class='ocrx_word' id='word_1_215' title='bbox 691 3058 806 3148; x_wconf 82' lang='grc' dir='ltr'><em>ἡΑΗ</em></span> <span class='ocrx_word' id='word_1_216' title='bbox 824 3063 864 3148; x_wconf 76' lang='grc' dir='ltr'><em>τῇ</em></span> <span class='ocrx_word' id='word_1_217' title='bbox 887 3066 960 3127; x_wconf 91' lang='lat' dir='ltr'><em>HE</em></span> <span class='ocrx_word' id='word_1_218' title='bbox 980 3060 1084 3147; x_wconf 81' lang='grc' dir='ltr'><em>μήκει.</em></span> <span class='ocrx_word' id='word_1_219' title='bbox 1126 3059 1180 3127; x_wconf 84' lang='grc' dir='ltr'><em>καὶ</em></span> 
     </span>
    </p>
   </div>
   <div class='ocr_carea' id='block_1_7' title="bbox 164 3229 1180 3592">
    <p class='ocr_par' dir='ltr' id='par_1_12' title="bbox 164 3229 1180 3592">
     <span class='ocr_line' id='line_1_29' title="bbox 237 3229 1180 3308; baseline 0 -19"><span class='ocrx_word' id='word_1_220' title='bbox 237 3242 260 3291; x_wconf 91' lang='lat'><em>1.</em></span> <span class='ocrx_word' id='word_1_221' title='bbox 280 3233 311 3289; x_wconf 84' lang='grc' dir='ltr'><em>τὸ</em></span> <span class='ocrx_word' id='word_1_222' title='bbox 330 3239 391 3289; x_wconf 87' lang='grc' dir='ltr'><em>ΜΡ</em></span> <span class='ocrx_word' id='word_1_223' title='bbox 407 3237 441 3290; x_wconf 91' lang='lat' dir='ltr'><em>V.</em></span> <span class='ocrx_word' id='word_1_224' title='bbox 510 3229 687 3304; x_wconf 62' lang='grc' dir='ltr'><em>οότωςὴλλ.</em></span> <span class='ocrx_word' id='word_1_225' title='bbox 755 3233 820 3308; x_wconf 81' lang='grc' dir='ltr'><em>τήν]</em></span> <span class='ocrx_word' id='word_1_226' title='bbox 841 3253 895 3292; x_wconf 90' lang='lat' dir='ltr'><em>om.</em></span> <span class='ocrx_word' id='word_1_227' title='bbox 914 3235 997 3291; x_wconf 76' lang='lat' dir='ltr'><strong>BFb.</strong></span> <span class='ocrx_word' id='word_1_228' title='bbox 1071 3239 1135 3291; x_wconf 88' lang='lat' dir='ltr'><em>MP</em></span> <span class='ocrx_word' id='word_1_229' title='bbox 1151 3234 1180 3290; x_wconf 83' lang='lat' dir='ltr'><em>F.</em></span> 
     </span>
     <span class='ocr_line' id='line_1_30' title="bbox 201 3301 1180 3378; baseline -0.001 -16"><span class='ocrx_word' id='word_1_230' title='bbox 201 3303 276 3362; x_wconf 74' lang='grc' dir='ltr'><em>ἐστιν</em></span> <span class='ocrx_word' id='word_1_231' title='bbox 292 3301 393 3373; x_wconf 74' lang='grc' dir='ltr'><em>άραΕ.</em></span> <span class='ocrx_word' id='word_1_232' title='bbox 448 3311 472 3359; x_wconf 79' lang='lat'><em>2.</em></span> <span class='ocrx_word' id='word_1_233' title='bbox 492 3308 551 3359; x_wconf 91' lang='grc' dir='ltr'><em>ΡΝ</em></span> <span class='ocrx_word' id='word_1_234' title='bbox 566 3304 595 3360; x_wconf 92' lang='lat' dir='ltr'><em>P.</em></span> <span class='ocrx_word' id='word_1_235' title='bbox 651 3309 721 3361; x_wconf 91' lang='lat' dir='ltr'><em>NM</em></span> <span class='ocrx_word' id='word_1_236' title='bbox 735 3306 766 3363; x_wconf 87' lang='lat' dir='ltr'><em>P.</em></span> <span class='ocrx_word' id='word_1_237' title='bbox 816 3313 841 3362; x_wconf 79' lang='lat'><em>4.</em></span> <span class='ocrx_word' id='word_1_238' title='bbox 860 3307 923 3378; x_wconf 81' lang='grc' dir='ltr'><em>τῆς]</em></span> <span class='ocrx_word' id='word_1_239' title='bbox 938 3307 1036 3377; x_wconf 75' lang='lat' dir='ltr'>(prius)</span> <span class='ocrx_word' id='word_1_240' title='bbox 1057 3323 1112 3364; x_wconf 90' lang='lat' dir='ltr'><em>om.</em></span> <span class='ocrx_word' id='word_1_241' title='bbox 1127 3306 1180 3372; x_wconf 77' lang='lat' dir='ltr'><em>Pb,</em></span> 
     </span>
     <span class='ocr_line' id='line_1_31' title="bbox 164 3374 1179 3466; baseline 0 -34"><span class='ocrx_word' id='word_1_242' title='bbox 164 3376 278 3433; x_wconf 64' lang='grc' dir='ltr'><em>ΜΒ.</em></span> <span class='ocrx_word' id='word_1_243' title='bbox 334 3377 495 3448; x_wconf 55' lang='lat' dir='ltr'><em>mmm</em></span> <span class='ocrx_word' id='word_1_244' title='bbox 511 3375 540 3431; x_wconf 85' lang='lat' dir='ltr'><em>F.</em></span> <span class='ocrx_word' id='word_1_245' title='bbox 596 3381 621 3433; x_wconf 79' lang='grc' dir='ltr'><em>ὅ.</em></span> <span class='ocrx_word' id='word_1_246' title='bbox 641 3376 712 3432; x_wconf 80' lang='grc' dir='ltr'><em>εἰσιν</em></span> <span class='ocrx_word' id='word_1_247' title='bbox 730 3378 762 3433; x_wconf 93' lang='grc' dir='ltr'><em>Β.</em></span> <span class='ocrx_word' id='word_1_248' title='bbox 818 3384 983 3466; x_wconf 82' lang='grc' dir='ltr'><em>6.μονονον</em></span> <span class='ocrx_word' id='word_1_249' title='bbox 1002 3378 1033 3433; x_wconf 92' lang='grc' dir='ltr'><em>Ρ.</em></span> <span class='ocrx_word' id='word_1_250' title='bbox 1089 3384 1115 3434; x_wconf 71' lang='grc' dir='ltr'><em>λ.</em></span> <span class='ocrx_word' id='word_1_251' title='bbox 1136 3374 1179 3448; x_wconf 75' lang='grc' dir='ltr'><em>ἐκ]</em></span> 
     </span>
     <span class='ocr_line' id='line_1_32' title="bbox 164 3443 1179 3520; baseline 0.001 -16"><span class='ocrx_word' id='word_1_252' title='bbox 164 3443 235 3517; x_wconf 79' lang='grc' dir='ltr'><em>ἡέιι</em></span> <span class='ocrx_word' id='word_1_253' title='bbox 253 3447 310 3501; x_wconf 92' lang='lat' dir='ltr'><em>Pb.</em></span> <span class='ocrx_word' id='word_1_254' title='bbox 376 3453 417 3504; x_wconf 82' lang='lat'><em>12.</em></span> <span class='ocrx_word' id='word_1_255' title='bbox 438 3445 481 3518; x_wconf 76' lang='grc' dir='ltr'><em>ἐκ]</em></span> <span class='ocrx_word' id='word_1_256' title='bbox 502 3444 520 3516; x_wconf 81' lang='grc' dir='ltr'>ἡ</span> <span class='ocrx_word' id='word_1_257' title='bbox 541 3443 573 3502; x_wconf 83' lang='grc' dir='ltr'><em>έν</em></span> <span class='ocrx_word' id='word_1_258' title='bbox 591 3448 619 3505; x_wconf 91' lang='lat' dir='ltr'><em>b.</em></span> <span class='ocrx_word' id='word_1_259' title='bbox 687 3455 728 3504; x_wconf 85' lang='lat'><em>14.</em></span> <span class='ocrx_word' id='word_1_260' title='bbox 747 3449 887 3520; x_wconf 69' lang='lat' dir='ltr'><em>Postyaq</em></span> <span class='ocrx_word' id='word_1_261' title='bbox 907 3449 961 3504; x_wconf 83' lang='lat' dir='ltr'><strong>del.</strong></span> <span class='ocrx_word' id='word_1_262' title='bbox 979 3446 1012 3503; x_wconf 89' lang='grc' dir='ltr'><em>τό</em></span> <span class='ocrx_word' id='word_1_263' title='bbox 1031 3448 1063 3504; x_wconf 94' lang='grc' dir='ltr'><em>Β.</em></span> <span class='ocrx_word' id='word_1_264' title='bbox 1139 3453 1179 3505; x_wconf 81' lang='grc'><em>18.</em></span> 
     </span>
     <span class='ocr_line' id='line_1_33' title="bbox 165 3516 1179 3592; baseline 0.001 -18"><span class='ocrx_word' id='word_1_265' title='bbox 165 3516 231 3591; x_wconf 74' lang='grc' dir='ltr'><em>γάρ]</em></span> <span class='ocrx_word' id='word_1_266' title='bbox 257 3519 394 3588; x_wconf 83' lang='lat' dir='ltr'>om.Fb‚</span> <span class='ocrx_word' id='word_1_267' title='bbox 426 3518 557 3580; x_wconf 64' lang='grc' dir='ltr'><em>ΜΒ,</em></span> <span class='ocrx_word' id='word_1_268' title='bbox 641 3524 683 3574; x_wconf 81' lang='lat'><em>20.</em></span> <span class='ocrx_word' id='word_1_269' title='bbox 708 3520 776 3592; x_wconf 82' lang='grc' dir='ltr'><em>ΑΕ]</em></span> <span class='ocrx_word' id='word_1_270' title='bbox 796 3518 867 3591; x_wconf 80' lang='lat' dir='ltr'>(alt.)</span> <span class='ocrx_word' id='word_1_271' title='bbox 886 3523 938 3574; x_wconf 84' lang='lat' dir='ltr'><em>EA</em></span> <span class='ocrx_word' id='word_1_272' title='bbox 961 3518 996 3588; x_wconf 87' lang='lat' dir='ltr'><em>P,</em></span> <span class='ocrx_word' id='word_1_273' title='bbox 1020 3520 1179 3576; x_wconf 61' lang='lat' dir='ltr'><em>eortina</em></span> 
     </span>
    </p>
   </div>
   <div class='ocr_carea' id='block_1_8' title="bbox 0 0 1249 3908">
    <p class='ocr_par' dir='ltr' id='par_1_13' title="bbox 0 0 1249 3908">
     <span class='ocr_line' id='line_1_34' title="bbox 0 0 1249 3908; baseline 0 0"><span class='ocrx_word' id='word_1_274' title='bbox 0 0 1249 3908; x_wconf 95' lang='lat' dir='ltr'><em> </em></span> 
     </span>
    </p>
   </div>
  </div>
 </body>
</html>
