2474 3908
393 178 668 231 murmurosum
685 180 795 232 umas
811 181 845 233 x.
1061 177 1126 244 195

113 327 193 389 AM
204 327 347 409 >MH‚
378 325 411 387 et
438 324 512 386 ΔΚ
523 337 566 390 ><
581 324 663 387 ΚΜ
672 320 834 389 =MN².
880 323 946 388 iam
973 321 1126 409 quoniam

111 429 209 516 ΑΡ,
230 428 311 497 ΓΒῖ
334 429 675 496 incommensurabilia
704 434 793 509 sunt,
825 430 926 495 etiam
953 433 1034 515 ΔΘ,
1056 432 1126 494 ΚΛ

109 537 452 605 incommensurabilis
475 539 559 602 sunt.
606 558 704 622 quare
727 540 807 621 ΔΚ,
828 540 912 602 ΚΜ
929 537 1127 602 incommen-

112 643 272 710 surabiles
296 647 372 709 sunt
395 642 519 729 [VI,1;
542 664 633 728 prop.
646 642 717 724 ΧΠ.
754 644 806 708 sin
829 642 925 708 datae
949 646 1026 708 sunt
1044 642 1126 707 duae

113 753 221 816 rectae
244 749 446 835 inaequales,
479 752 512 814 et
541 752 676 834 quartae
703 751 790 834 parti
818 748 968 834 quadrati
991 749 1125 814 minoris

114 854 249 939 aequale
280 854 625 940 parallelogrammum
657 855 775 921 maiori
807 856 987 940 adplicatur
1019 857 1126 941 figura

111 961 272 1046 quadrata
295 961 447 1026 deficiens
466 965 500 1026 ot
518 983 589 1026 eam
607 962 642 1025 in
660 966 771 1046 partes
785 962 1127 1027 incommensurabiles

110 1068 243 1154 diuidit,
280 1068 386 1133 maior
423 1066 582 1153 quadrata
618 1069 777 1133 minorem
810 1067 935 1134 excedit
967 1067 1126 1152 quadrato

110 1178 221 1240 rectae
243 1175 308 1240 sibi
330 1173 668 1239 incommensurabilis
694 1176 804 1259 [prop.
827 1172 968 1255 XVIII}
1015 1174 1125 1258 itaque

112 1279 212 1346 AM²
233 1280 359 1347 excedit
377 1277 473 1346 ΜΗ2
497 1279 654 1365 quadrato
678 1282 784 1345 rectae
807 1281 871 1346 sibi
894 1281 1128 1346 incommensu-

109 1387 236 1454 rabilis.
272 1391 306 1452 et
329 1390 416 1470 AM,
435 1390 519 1452 ΜΗ
535 1388 712 1452 rationales
737 1391 812 1452 sunt
834 1387 981 1472 potentia
996 1390 1126 1453 tantum

110 1493 435 1579 commensurabiles,
472 1498 506 1557 et
537 1495 623 1558 AM
650 1493 806 1559 rationali
838 1494 1026 1579 propositae
1058 1496 1130 1558 ΔΕ

110 1601 413 1667 commensurabilis
438 1604 496 1666 est.

179 1705 268 1792 Ergo
294 1709 368 1770 ΔΗ
394 1727 431 1771 ex
455 1706 580 1772 duobus
603 1706 791 1772 nominibus
819 1711 935 1791 quarta
963 1711 1013 1772 est
1042 1707 1127 1788 [deff.

111 1814 170 1879 alt.
192 1814 242 1895 4];
267 1811 352 1897 quod
376 1816 447 1878 erat
471 1811 766 1878 demonstrandum.

565 2040 679 2107 LXIV.

181 2164 381 2242 Quadratum
395 2169 502 2230 rectae
518 2165 625 2249 spatio
640 2164 794 2230 rationali
808 2169 841 2230 et
856 2164 962 2232 medio
978 2167 1122 2252 aequalis

109 2272 291 2358 quadratae
303 2275 411 2337 rectae
426 2271 579 2336 rationali
594 2271 791 2355 adplicatum
806 2271 1011 2337 latitudinem
1025 2273 1125 2339 efficit

110 2382 236 2445 rectam
259 2400 299 2443 ex
321 2378 445 2443 duobus
468 2378 656 2444 nominibus
680 2378 835 2462 quintam.

181 2483 230 2550 sit
257 2489 323 2551 AB
354 2489 443 2550 reeta
470 2485 576 2569 spatio
604 2485 757 2550 rationali
786 2489 818 2550 et
845 2484 951 2550 medio
979 2486 1123 2571 aequalis

110 2592 272 2677 quadrata
294 2592 329 2656 in
351 2593 436 2656 Pin
459 2596 565 2657 rectas
589 2591 701 2677 diuisa,
727 2592 835 2658 itaut
857 2598 889 2658 A
895 2595 928 2657 Γ
945 2593 1049 2658 maior
1073 2595 1126 2678 sit,

120 2720 149 2769 A
252 2717 279 2767 K
291 2716 328 2767 M
371 2716 403 2767 N
447 2717 477 2766 Η
514 2702 546 2762 et
559 2702 701 2782 ponatur
714 2703 784 2763 ΔΕ
796 2698 976 2784 rationalis,
996 2703 1028 2764 et
1048 2722 1126 2784 qua-

264 2793 267 2847 l
513 2802 605 2870 drato
639 2802 722 2869 ΑΝ
754 2805 890 2890 aequale
919 2808 1025 2870 rectae
1058 2810 1129 2870 ΔΕ

267 2849 270 2990 l
307 2795 311 2988 l
513 2910 696 2994 adplicetur
722 2915 788 2975 ΑΖ
820 2909 1026 2975 latitudinem
1058 2910 1126 2974 effi-

118 3002 146 3054 Ε
256 3001 318 3054 ΘΛ
372 3000 399 3058 Ξ
451 3002 472 3051 Z
513 3018 600 3082 ciens
624 3021 705 3083 AH.
742 3016 825 3099 dico,
847 3017 923 3080 ΔΗ
943 3035 982 3079 ex
1000 3014 1125 3080 duobus

164 3104 415 3196 d-—lr
410 3103 431 3195 1¹3
512 3123 699 3188 nominibus
724 3123 871 3208 quintam
895 3144 975 3187 esse.

111 3351 185 3426 ὅπερ
205 3354 265 3412 ἔδει
283 3355 388 3498 datius]
408 3373 498 3424 comp.
516 3354 547 3422 P,
567 3371 621 3408 om.
640 3351 753 3440 BFVb.
816 3356 857 3406 17.
877 3353 1061 3477 uudqrpostea
1073 3351 1125 3407 ins.

106 3427 235 3486 nra.
308 3433 353 3483 20.
389 3423 439 3496 ητή
461 3427 491 3495 F,
511 3425 647 3480 sedoorr.
720 3423 913 3495 qABJm.2
959 3467 964 3479 .

916 3600 973 3655 is*
