2474 3908
120 149 140 212 6
501 149 704 202 ΣΤΟΙΧΕΙΩΝ
722 143 749 202 ι’.

118 315 157 359 τυ
185 297 262 376 ΒΘ,
290 288 411 358 λοιπὸν
438 288 505 378 άρα
532 288 570 358 τὸ
599 296 673 357 HA
700 293 821 358 λοιποῦ
843 293 905 357 τοῦ
935 296 1000 358 ΘΑ
1023 289 1135 377 μεῖζόν

118 399 218 465 ἐστιν.
272 398 327 465 καὶ
356 397 426 466 ἐπεὶ
453 396 566 484 μεῖζόν
600 399 668 464 ἐστι
700 394 738 465 τὸ
771 402 844 463 HA
871 400 932 464 τοῦ
966 403 1044 483 ΘΑ,
1081 398 1137 464 καὶ

118 500 287 594 ἀφῄρηται
300 515 361 572 τοῦ
376 505 438 592 μὲν
452 510 524 571 HA
542 500 646 590 ἥμισυ
660 501 697 571 τὸ
713 508 797 589 ΗΖ,
816 506 877 570 τοῦ
893 503 931 570 δὲ
945 510 1010 570 ΘΑ
1024 510 1136 590 μεῖζον

118 606 139 696 ἢ
154 609 192 678 τὸ
206 608 311 697 ἥμισυ
329 613 366 679 τὸ
386 617 468 697 ΘΚ,
491 613 609 678 λοιπὸν
628 607 693 695 άρα
706 607 745 677 τὸ
763 616 831 676 AZ
849 613 970 677 λοιποῦ
990 613 1051 677 τοῦ
1069 617 1141 677 AK

83 715 230 802 σμείζόν
259 718 359 783 ἐστιν.
405 724 481 784 ίσου
511 715 548 783 δὲ
575 714 613 783 τὸ
637 722 704 782 AZ
727 718 772 807 τῷ
798 721 837 783 Γ·
874 716 930 783 καὶ
958 715 995 783 τὸ
1020 722 1052 783 Γ
1071 714 1137 804 ἀρα

117 825 178 889 τοῦ
206 829 279 890 ΑΚ
305 820 417 908 μεῖζόν
446 824 546 891 ἐστιν.
593 826 736 889 ἔλασσον
765 821 830 910 ἀρα
853 824 891 889 τὸ
920 830 952 889 Α
959 829 993 890 Κ
1014 827 1076 891 τοῦ
1100 829 1135 891 Γ.

184 932 427 996 Καταλείπεται
449 926 515 1017 άρα
543 924 608 996 ἀπὸ
635 931 698 996 τοῦ
722 936 787 996 ΑΒ
811 929 975 1015 μεγέθους
1001 933 1039 998 τὸ
1065 939 1138 998 AK

117 1034 260 1122 μέγεθος
275 1039 418 1103 ἔλασσον
432 1030 475 1102 ὂν
488 1038 550 1103 τοῦ
565 1035 757 1120 ἐκκειμένου
774 1034 957 1115 ἐλάσσονος
971 1037 1136 1122 μεγέθους

117 1145 179 1209 τοῦ
206 1147 247 1209 Γ·
272 1139 352 1228 ὅπερ
381 1146 450 1209 ἔδει
481 1145 595 1223 δείξαι.
619 1181 662 1192 -
692 1141 816 1228 ὁμοίως
844 1141 880 1209 δὲ
909 1144 1135 1229 δειχθήσεται,

66 1270 99 1320 10
117 1243 181 1315 κάν
204 1245 307 1335 ἡμίση
330 1240 351 1336 ᾖ
375 1248 415 1315 τὰ
439 1247 683 1336 ἀφαιρούμενα.

181 1580 266 1651 Ἐάν
282 1582 353 1651 δύο
368 1587 546 1670 μεγεθῶν
567 1585 845 1671 [ἐκκειμένων]
865 1583 1019 1655 ἀνίσων
1040 1584 1135 1655 ἀνθ-

116 1691 426 1780 υφαιρουμένου
446 1687 508 1758 ἀεὶ
531 1695 601 1759 τοῦ
621 1689 842 1772 ἐλάσσονος
866 1691 940 1761 ἀπὸ
965 1698 1035 1761 τοῦ
1055 1699 1135 1781 μεί-

118 1803 232 1878 ζονος
254 1801 297 1865 τὸ
322 1795 662 1883 καταλειπόμενον
690 1798 886 1884 μηδέποτε
913 1804 1135 1889 καταμετρῇ

65 1925 98 1975 15
117 1902 159 1970 τὸ
183 1907 257 1993 πρὸ
284 1905 445 1987 ἑαυτοῦ,
468 1901 695 1990 ἀσύμμετρα
720 1908 829 1972 ἐσται
851 1902 896 1971 τά
920 1907 1076 1992 μεγέθη.

184 2009 260 2078 Δύο
279 2009 344 2099 γάρ
364 2012 518 2096 μεγεθῶν
538 2007 649 2076 ὄντων
668 2007 797 2077 ἀνίσων
815 2020 884 2078 τῶν
904 2017 981 2096 AB,
1000 2017 1061 2078 ΓΔ
1080 2010 1136 2077 καὶ

117 2116 301 2196 ἐλάσσονος
314 2119 376 2184 τοῦ
390 2118 457 2206 AgB
472 2113 799 2203 ἀνθυφαιρουμένου
813 2113 865 2183 ἀεὶ
879 2120 940 2184 τοῦ
955 2115 1137 2196 ἐλάσσονος

118 2220 183 2291 ἀπὸ
211 2226 273 2292 τοῦ
300 2228 452 2309 μείζονος
478 2221 516 2290 τὸ
547 2222 824 2312 περιλειπόμενον
853 2223 1017 2308 μηδέποτε
1039 2249 1135 2290 κατα-

117 2334 273 2419 μετρείτω
297 2327 334 2396 τὸ
354 2326 419 2416 πρὸ
439 2328 574 2395 ἑαυτοῦ·
598 2330 694 2414 λέγω,
720 2327 771 2396 ὅτι
795 2326 988 2417 ἀσύμμετρά
1008 2328 1134 2398 ἐστιτὰ

64 2456 99 2508 20
117 2442 194 2520 ΑΒ,
218 2440 280 2502 ΓΔ
302 2435 437 2521 μεγέθη.

185 2545 230 2607 Εί
251 2539 315 2629 γάρ
340 2543 408 2608 ἐστι
432 2539 618 2630 σύμμετρα,
647 2541 802 2630 μετρήσει
820 2567 852 2609 τι
876 2538 960 2610 αὐτὰ
984 2543 1135 2629 μέγεθος.

118 2653 287 2734 μετρείτω,
313 2650 344 2714 εί
366 2644 525 2731 δυνατόν,
547 2647 603 2714 καὶ
626 2652 709 2715 ἐστω
728 2649 766 2715 τὸ
785 2655 826 2715 Ε·
856 2649 912 2715 καὶ
930 2647 968 2716 τὸ
988 2648 1050 2735 μὲν
1070 2654 1135 2715 ΑΒ

116 2751 155 2821 τὸ
180 2760 247 2819 ZA
269 2754 498 2840 καταμετροῦν
525 2753 662 2821 λειπέτω
692 2753 814 2820 ἑαυτοῦ
837 2758 979 2822 ἔλασσον
1002 2752 1039 2822 τὸ
1065 2760 1135 2840 ΓΖ,

190 3008 214 3058 2.
236 2998 323 3072 ἐστιν]
343 3016 432 3070 comp.
452 2999 511 3069 Fb,
536 2997 594 3056 ἐστι
613 3002 671 3056 BV.
744 2997 814 3073 ἐστι]
838 3019 892 3058 om.
913 3001 945 3058 V.
1019 3008 1044 3056 4.
1063 3023 1080 3071 η
1101 2999 1133 3057 τὸ

117 3069 217 3200 ἥμισυ)
232 3073 281 3127 τοῦ
296 3067 412 3160 ημίσεος
426 3070 577 3159 Βλίουτοῦ
593 3067 714 3143 ἡμίσεως
727 3071 757 3127 F.
815 3079 837 3160 η
853 3070 1069 3165 καταλίλερπηαι
1079 3075 1134 3129 Bb.

153 3149 178 3198 8.
214 3163 364 3213 γκειμενον
383 3143 411 3199 b.
481 3139 628 3207 ἐλαττονος
647 3144 677 3199 F.
748 3149 790 3198 10.
809 3147 914 3214 ημίουη
933 3143 964 3213 P,
982 3163 1085 3214 ημισεα
1100 3145 1134 3200 V.

158 3213 222 3284 Seq.
247 3215 398 3270 demonstr.
422 3215 526 3282 altera,
553 3233 580 3270 u,
606 3232 669 3285 app.
745 3221 786 3270 12.
811 3212 996 3286 ἐκκειμένων]
1020 3234 1076 3284 mg.
1097 3235 1134 3271 m.

118 3284 182 3342 1P.
251 3281 508 3373 ἀνθυφαιρομένου
526 3285 560 3354 V,
580 3303 649 3342 (νοτε.
665 3305 701 3341 m.
712 3291 738 3342 2.
812 3293 854 3342 13.
874 3285 935 3341 αἰεί
950 3287 980 3342 F.
1057 3283 1134 3342 ἐλάτ-

116 3358 238 3420 τονοςΡ.
276 3360 316 3411 15.
332 3354 379 3426 τά]
394 3375 425 3411 το
437 3357 468 3423 F,
483 3373 551 3411 corr.
562 3375 598 3412 m.
610 3364 634 3413 2.
673 3363 715 3412 16.
726 3357 775 3411 καὶ
790 3354 871 3420 ὄντος
885 3358 983 3412 Theon
997 3357 1134 3427 (BFVb).

154 3434 195 3483 1⁷.
216 3422 363 3490 ἐλάττονος
381 3427 411 3483 F.
466 3422 724 3498 ἀνθυφαιρομένου
743 3430 777 3498 V,
797 3447 866 3486 corr.
885 3447 921 3483 m.
942 3435 966 3483 2.
1025 3427 1086 3483 αίεί
1101 3430 1131 3482 F.

154 3504 196 3558 19.
216 3496 291 3556 ἐστιν
310 3497 339 3553 P.
398 3504 442 3555 21.
463 3496 534 3571 ἐστι]
554 3517 639 3571 supra
658 3517 709 3556 scr.
725 3520 768 3555 -αι
783 3501 816 3556 V.
877 3501 915 3572 τι]
935 3500 1029 3555 om.F.
1091 3505 1133 3554 23.
