2474 3908
394 178 669 230 ELEMENTORUM
687 179 796 230 LIBER
814 181 846 231 X.
1084 176 1128 241 59

111 321 304 407 propositae
328 320 630 387 commensurabilis
657 319 820 406 potentia,
849 320 961 386 eadem
987 321 1129 406 longitu-

108 428 191 493 dine
215 428 245 492 ei
267 426 604 493 incommensurabilis
628 427 685 511 sit,
715 427 761 493 sic
785 448 912 512 quoque
935 449 1007 493 eam
1030 429 1128 493 ratio·

111 535 223 599 nalem
246 533 358 600 uocari
379 535 526 618 potentia
549 537 677 598 tantum
700 534 1031 600 commensurabilem.

576 747 663 812 XIX.

180 869 419 954 Rectangulum
462 869 733 954 comprehensum
773 870 870 935 rectis
911 871 1128 936 rationalibus

110 975 383 1060 longitudineqne
410 977 757 1042 commensurabilibus
788 976 963 1041 secundum
986 976 1129 1061 aliquem

112 1082 294 1162 modorum,
317 1105 398 1167 quos
422 1082 561 1147 diximus
587 1085 631 1164 [u.
654 1083 798 1166 lemma]‚
820 1083 979 1147 rationale
1004 1088 1064 1148 est.

181 1188 291 1254 Rectis
316 1188 402 1254 enim
425 1188 642 1254 rationalibus
663 1188 867 1274 longitudine
890 1210 1130 1254 commensura·

110 1294 236 1358 bilibus
268 1298 350 1378 AB,
383 1296 451 1360 ΒΓ
477 1294 702 1380 rectangulum
734 1293 1026 1380 comprehendatur
1055 1299 1129 1359 ΑΓ.
1179 1327 1186 1340 ·

107 1401 196 1479 dico,
219 1403 291 1466 ΑΓ
306 1401 468 1466 rationale
492 1423 571 1467 esse.

143 1528 334 1574 .--Δ
447 1530 524 1572 nam
551 1509 586 1572 in
609 1513 675 1573 AB
704 1511 912 1584 construatur
934 1508 1126 1591 quadratum

145 1570 336 1721 -ip
380 1619 411 1678 A
418 1618 459 1679 Δ.
505 1614 615 1698 itaque
639 1620 708 1679 ΑΔ
733 1614 891 1679 rationale
915 1618 966 1679 est
990 1614 1066 1695 [def.
1084 1616 1130 1696 4].

143 1684 306 1882 ,Δ
380 1723 414 1785 et
440 1721 591 1806 quoniam
618 1725 697 1804 AB,
721 1723 788 1785 ΒΓ
810 1720 1017 1805 longitudine
1045 1743 1130 1785 oom-

107 1853 141 1902 A=
308 1851 330 1899 Β
380 1828 614 1892 mensurabiles
643 1831 732 1911 sunt,
764 1830 798 1891 et
823 1830 1034 1910 AB=BA‚
1062 1830 1130 1890 BA

107 1942 144 2004 et
160 1941 226 2005 ΒΓ
235 1935 438 2023 longitudine
452 1934 761 2000 commensurabiles
772 1937 856 1999 sunt.
877 1936 1128 1998 etBA:BP=

112 2049 184 2109 ΔΑ
197 2067 206 2108 :
220 2046 289 2109 ΑΓ
309 2041 384 2126 [VI‚
409 2044 453 2122 1].
488 2041 600 2125 itaque
626 2047 709 2120 AA,
732 2043 801 2106 ΑΓ
824 2040 1129 2105 commensurabilia

107 2154 188 2216 sunt
205 2152 308 2234 [prop.
322 2149 395 2229 ΧΠ.
418 2149 537 2234 'uerum
552 2152 585 2211 A
591 2152 622 2210 Α
636 2146 797 2211 rationale
816 2148 873 2210 est.
903 2145 1013 2228 itaque
1030 2144 1129 2208 etiam

109 2260 183 2323 ΑΓ
199 2255 359 2327 rationale
383 2258 433 2319 est
458 2252 534 2335 [def.
557 2254 604 2334 4].

178 2361 269 2448 Ergo
283 2361 506 2446 rectangulum
516 2359 785 2444 comprehensum
798 2357 896 2424 rectis
909 2356 1128 2423 rationalibus

109 2470 381 2555 longitudineque
405 2465 761 2549 commensurabilibus,
785 2468 818 2530 et
840 2486 922 2549 qnae
943 2467 1128 2549 sequuntur.

583 2660 653 2726 XX.

179 2787 215 2852 Si
247 2787 389 2873 spatium
421 2785 581 2851 rationale
613 2787 720 2850 rectae
752 2784 907 2850 rationali
929 2781 1128 2871 fadplioatur,

108 2893 319 2960 latitudinem
338 2892 530 2958 rationalem
548 2891 630 2957 facit
648 2895 682 2956 et
699 2892 729 2957 ei
747 2889 1128 2978 longitudineloommen-

109 3000 300 3081 amabilem,
323 2998 376 3064 cui
399 2998 595 3082 adplicatum
619 3002 678 3063 est.

109 3247 186 3374 salt),
204 3262 274 3301 corr.
294 3263 328 3300 ex
346 3241 398 3312 τήν
416 3261 453 3299 m.
472 3259 526 3299 rec.
542 3244 572 3299 P.
632 3245 702 3316 ΑΓ]
723 3261 738 3300 e
758 3261 827 3300 corr.
847 3244 876 3298 P.
941 3248 983 3297 16.
1003 3238 1077 3297 ἐστίν
1097 3243 1127 3310 Ρ,

126 3317 171 3372 στὶ
189 3318 241 3371 καί
256 3317 290 3372 V.
345 3312 389 3386 cd]
409 3320 447 3388 τῷ
465 3313 492 3369 b.
543 3315 641 3372 ΑΔΕ.
697 3321 739 3373 17.
759 3312 835 3370 ἐστίν
848 3315 880 3385 Ρ,
900 3331 953 3369 om.
968 3313 1028 3369 FV.
1086 3318 1127 3370 18.

109 3385 197 3459 μήκει
211 3386 389 3459 συμμέτρων]
411 3403 463 3441 om.
479 3385 564 3440 BVb.
619 3385 693 3442 Ante
711 3389 763 3441 καί
775 3386 838 3441 add.
855 3383 980 3441 εὐθειῶν
998 3385 1028 3440 F.
1079 3384 1128 3439 καὶ

108 3457 145 3515 τὰ
166 3454 243 3530 ἑξῆς]
264 3475 318 3514 om.
338 3458 399 3513 PV.
474 3461 516 3511 19.
535 3453 573 3530 κ’]
599 3473 657 3526 seq.
675 3473 730 3514 ras.
751 3463 766 3511 1
784 3457 840 3512 litt.
859 3457 896 3526 B,
914 3453 960 3511 κοί
979 3457 1010 3511 F.
1084 3461 1127 3512 21.

107 3529 206 3601 ποιεῖ]
225 3536 297 3585 -εῖο
316 3546 385 3585 corr.
404 3545 442 3614 m.
463 3534 476 3583 1
496 3527 526 3585 F.
598 3529 653 3601 τῇ]
672 3545 741 3584 corr.
761 3545 839 3583 exat
858 3545 895 3583 m.
914 3543 968 3582 rec.
989 3528 1015 3582 b.
