2474 3908
131 182 173 246 28
515 180 716 232 ΣΤΟΙΧΕΙΩΝ
735 174 762 232 ι’.

130 322 192 410 μὸς
214 323 298 411 πρὸς
320 321 530 409 τετράγωνον
554 317 719 407 ἀριθμόν,
748 321 933 407 σύμμετρος
956 323 1048 385 ἔσται
1071 314 1092 403 ή
1118 325 1149 384 Α

129 434 169 517 τή
185 437 222 497 Β.
256 430 319 497 οὐκ
338 433 405 495 ἔστι
421 428 471 495 δέ·
504 424 566 495 οὐκ
585 423 706 514 ἄρατὸ
725 422 790 493 ἀπὸ
810 429 868 511 τῆς
886 433 918 492 A
936 425 1149 510 τετράγωνον

130 533 212 622 πρὸς
226 533 263 602 τὸ
284 532 348 602 ἀπὸ
368 545 426 620 τῆς
445 540 473 600 Β
493 531 732 620 [τετράγωνον]
751 530 855 616 λόγον
874 536 951 618 ἔχει,
975 526 1016 599 δν
1034 530 1148 618 τετρά-

130 667 239 727 γωνος
261 639 407 728 ἀριθμὸς
429 638 513 727 πρὸς
535 638 747 725 τετράγωνον
770 637 929 727 ἀριθμόν.

95 773 111 821 5
198 745 310 814 Πάλιν
335 743 438 832 δήτὸ
463 742 527 813 ἀπὸ
552 749 611 831 τής
629 753 661 812 A
679 743 891 833 τετράγωνον
914 743 997 833 πρὸς
1019 738 1057 812 τὸ
1082 741 1148 811 ἀπὸ

130 857 188 940 τής
208 861 240 931 ,Β
264 852 501 941 [τετράγωνον]
526 853 629 937 λόγον
657 849 701 937 μή
730 853 845 938 ἐχέτω,
875 847 915 918 δν
942 850 1150 939 τετράγωνος

90 1018 98 1033 ,
131 958 276 1047 ἀριθμὸς
298 958 382 1045 πρὸς
404 958 615 1046 τετράγωνον
638 955 802 1045 ἀριθμόν·
839 959 940 1044 λέγω,
970 955 1020 1026 ὅτι
1044 954 1150 1043 άσύμ

131 1066 249 1154 μετρός
267 1063 398 1134 ἐστιυή
426 1075 457 1133 A
480 1075 520 1154 τῇ
545 1072 573 1132 Β
596 1063 702 1151 μήκει.

198 1178 244 1240 Εἰ
264 1173 328 1261 γάρ
353 1175 421 1241 ἐστι
445 1172 632 1260 σύμμετρος
654 1169 675 1258 ή
699 1181 731 1239 Α
750 1175 788 1260 τή
809 1178 848 1256 Β,
872 1172 937 1252 ἕξει
955 1168 992 1238 τὸ
1010 1168 1076 1238 ἀπὸ
1090 1181 1151 1257 τῆς

79 1304 112 1353 10
130 1283 163 1346 A
186 1278 269 1366 πρὸς
287 1266 329 1347 Ιτὸ
352 1275 417 1345 άπὸ
437 1288 496 1364 τῆς
517 1285 547 1344 Β
570 1278 686 1364 λόγον,
711 1274 752 1346 δυ
774 1275 981 1367 τετράγωνος
1004 1273 1151 1364 ἀριθμὸς

130 1383 215 1470 πρὸς
245 1383 457 1471 τετράγωυυν
483 1381 643 1471 ἀριθμόν.
697 1382 760 1450 οὐκ
792 1387 859 1470 ἔχει
891 1383 940 1451 δέ·
989 1379 1050 1450 οὐκ
1083 1381 1149 1473 ἄρα

132 1489 317 1577 σύμμετρός
340 1491 430 1557 ἐστιν
454 1486 474 1575 ή
497 1498 530 1557 Α
552 1499 592 1576 τῇ
617 1496 645 1556 Β
669 1488 774 1576 μήκει.

202 1596 249 1663 T&
274 1595 339 1685 ἄρα
362 1594 427 1664 άπὸ
451 1599 520 1663 τῶν
544 1595 640 1683 μήκει
664 1599 872 1683 συμμέτρων,
895 1596 951 1663 καὶ
974 1595 1014 1664 τὰ
1033 1597 1117 1684 ἑξῆς.

543 1781 582 1840 Π
584 1773 739 1860 όρισμα.

80 1924 112 1972 15
198 1900 266 1966 Καὶ
299 1896 449 1986 φανερὸν
482 1899 518 1965 ἐκ
544 1901 613 1965 τῶν
643 1899 866 1985 δεδειγμένων
894 1902 1001 1982 ἔσται,
1036 1896 1087 1966 ὅτι
1116 1902 1152 1965 αἱ

131 2006 227 2091 μήκει
252 2004 433 2092 σύμμετροι
456 2003 589 2085 πάντως
612 2004 667 2072 καὶ
688 2004 845 2092 δυνάμει,
879 2008 917 2072 αδ
942 2004 979 2072 δὲ
1008 2003 1150 2092 δυνάμει

132 2108 174 2178 οὐ
202 2110 337 2190 πάντως
361 2110 418 2178 καὶ
446 2108 541 2198 μήκει
571 2114 676 2197 [εἴπερ
700 2108 740 2176 τὰ
764 2108 828 2177 άπὸ
853 2113 921 2178 τῶν
949 2110 1046 2197 μήκει
1070 2131 1149 2198 συμ-

131 2219 262 2305 μέτρων
281 2218 427 2286 εὐθειῶν
446 2215 638 2306 τετράγωνα
656 2215 760 2303 λόγον
779 2221 861 2304 ἔχει,
880 2212 922 2284 δν
940 2215 1150 2303 τετράγωνος

131 2321 277 2412 ἀριθμὸς
290 2322 374 2412 πρὸς
388 2324 599 2412 τετράγωνον
613 2322 775 2411 ἀριθμόν,
792 2321 832 2389 τά
848 2322 885 2391 δὲ
899 2326 1003 2410 λόγον
1018 2329 1149 2411 ἔχοντα,

78 2454 112 2502 20
128 2417 173 2497 ‘dv
197 2428 343 2519 ἀριθμὸς
365 2429 449 2518 πρὸς
472 2428 638 2517 ἀριθμόν,
666 2429 837 2519 σύμμετρά
862 2432 961 2500 ἐστιν.
1007 2429 1092 2499 ὥστε
1116 2433 1153 2497 αδ

131 2535 227 2622 μήκει
255 2535 436 2624 σύμμετροι
465 2534 596 2606 εὐθεῖαι
625 2535 666 2605 οὐ
695 2537 803 2624 μόνον
832 2538 924 2622 [εἰσὶ]
949 2535 1045 2624 μήκει
1068 2537 1150 2624 σάμ-

131 2667 257 2730 μετροι,
281 2640 365 2710 ἀλλὰ
388 2644 445 2710 καὶ
469 2643 619 2729 δυνάμει.

198 2748 300 2816 πάλιν
320 2752 401 2837 ἐπεί,
421 2748 484 2819 ὅσα
503 2750 695 2837 τετράγωνα
713 2748 795 2835 πρὸς
814 2746 943 2835 άλλήλα
957 2749 1060 2836 λόγον
1074 2753 1151 2836 ἔχει,

132 2852 172 2924 δν
183 2855 392 2944 τετράγωνος
402 2854 547 2946 ἀριθμὸς
556 2855 639 2944 πρὸς
649 2855 861 2943 τετράγωνον
875 2853 1037 2943 ἀριθμόν,
1052 2855 1149 2942 μήκει

80 2987 113 3035 25
134 2965 269 3052 ἐδείχθη
295 2963 464 3052 σύμμετρα
491 2963 547 3030 καὶ
572 2961 713 3049 δυνάμει
737 2959 819 3029 ὅντα
843 2961 1013 3051 σύμμετρα
1040 2966 1085 3054 τῷ
1109 2960 1150 3029 τδι

131 3069 321 3158 τετράγωνά
349 3068 453 3156 λόγον
486 3075 589 3157 ἔχειν,
611 3066 664 3139 θδν
693 3066 839 3157 ἀριθμὸς
871 3067 956 3154 πρὸς
988 3068 1150 3157 ἀριθμόν,

133 3175 195 3243 ὅσα
225 3175 291 3265 άρα
319 3175 510 3263 τετράγωνα
538 3176 642 3263 λόγον
671 3174 733 3245 οὐκ
761 3181 841 3263 ἔχει,
875 3172 916 3244 ὃν
944 3174 1151 3266 τετράγωνος

133 3281 280 3370 ἀριθμὸς
307 3281 395 3371 πρὸς
423 3284 634 3371 τετράγωνον
659 3280 824 3372 ἀριθμόν,
853 3280 936 3350 ἀλλὰ
959 3280 1085 3368 ἁπλῶς,
1110 3279 1151 3351 δυ

206 3467 230 3517 2.
249 3459 441 3516 PostBadd.
457 3456 541 3530 μήκει
554 3459 673 3515 m.2V.
729 3466 753 3515 3.
773 3455 1025 3532 τετράγωνον]οω
1040 3459 1069 3513 Ρ.
1126 3465 1151 3514 ὅ.

135 3529 184 3604 δή]
205 3549 257 3588 om.
276 3531 308 3603 b,
332 3529 365 3587 δέ
384 3530 474 3586 BFV.
547 3536 571 3587 6.
594 3526 783 3604 τετράγωνον]
808 3549 861 3588 om.
881 3531 910 3588 P.
985 3538 1009 3587 8.
1030 3527 1152 3604 ἔστιν]υ
