2474 3908
130 167 196 232 200
516 165 719 218 zvonmm
738 160 765 218 ι’.

194 305 240 375 Ἡ
257 314 336 375 ΔΗ
360 305 425 395 ὀροι
453 308 489 375 ἐκ
517 305 580 375 δύο
610 304 787 393 ὀνομάτων
811 304 902 374 ἐστὶν
930 305 1020 392 ἕκτη·
1071 302 1153 390 ὅπερ

130 420 199 484 ἔδει
222 416 336 495 δεῖξαι.

611 552 668 634 ἔτ’·

194 675 239 746 Ἡ
255 679 299 767 vy}
324 680 364 746 ἐκ
387 679 459 747 δύο
481 676 689 764 ὀνομάτων
708 677 823 764 μήκει
842 675 1071 764 σύμμετρος
1089 677 1155 744 καὶ

96 783 230 871 ονιύτή
268 787 309 853 ἐκ
345 786 416 853 δύο
454 783 664 871 ὀνομάτων
702 783 783 851 ἐστὶ
815 783 880 850 καὶ
911 786 956 871 vy}
987 782 1099 864 τάξει
1133 781 1155 869 v}

132 888 238 978 αὐτή.

189 995 297 1065 Ἔστω
322 997 442 1064 ἐκδύο
467 993 643 1083 ὀνομάτων
667 993 687 1082 ἡ
712 1001 794 1082 ΑΒ,
821 995 878 1063 καὶ
900 1004 940 1085 τῇ
964 1001 1031 1062 ΑΒ
1056 994 1157 1084 μήκει

132 1103 318 1192 σύμμετρος
341 1107 423 1170 ἔστω
447 1099 468 1190 y}
494 1107 566 1170 ΓΛ·
598 1103 694 1189 λέγω,
719 1099 770 1171 ὅτι
794 1100 814 1189 ἡ
841 1108 903 1171 ΓΔ
926 1101 1051 1170 ἐκδύο
1077 1101 1156 1171 ὀνο-

132 1209 246 1298 μάτων
271 1211 340 1278 ἐστὶ
362 1211 418 1277 καὶ
440 1214 480 1299 vy}
503 1209 594 1291 τάξει
617 1205 637 1295 v}
658 1206 742 1295 οιότή
765 1212 805 1298 vy}
830 1214 903 1278 ΑΒ.

79 1337 113 1386 10
197 1314 286 1383 Ἐπεὶ
304 1319 370 1403 γάρ
389 1318 424 1383 ἐκ
443 1315 506 1383 δύο
526 1313 702 1401 ὀνομάτων
721 1315 812 1383 ἐστὶν
830 1312 851 1402 y}
871 1320 948 1401 ΑΒ,
972 1315 1155 1404 διῃρήσθω

132 1426 179 1502 εἰς
202 1425 243 1488 τὰ
267 1419 415 1508 ὀνόματα
437 1423 581 1488 κατὰτὸ
607 1429 646 1508 Ε,
669 1422 725 1489 καὶ
745 1426 827 1489 ἔστω
851 1427 963 1508 μεῖζον
983 1418 1094 1508 ὀνομοι
1114 1449 1155 1491 το

133 1534 212 1595 ΑΕ·
243 1529 279 1594 αἱ
300 1534 377 1612 ΑΕ,
396 1533 458 1594 ΕΒ
482 1524 548 1611 άροι
567 1529 667 1614 ῥηταί
683 1532 747 1595 εἰσι
771 1525 913 1614 δυνάμει
936 1525 1045 1614 μόνον
1070 1528 1153 1617 σύμ·

132 1658 255 1721 μετροι.
302 1633 465 1717 γεγονέτω
490 1629 535 1712 ὡς
557 1628 578 1719 v}
603 1640 668 1700 AB
696 1631 779 1720 πρὸς
800 1632 863 1719 τήν
889 1638 968 1719 ΓΔ,
997 1631 1107 1715 οὕτως
1131 1633 1154 1721 ἡ

132 1744 202 1805 ΑΕ
223 1737 306 1827 πρὸς
328 1737 391 1825 τήν
416 1744 488 1807 ΓΖ·
517 1740 574 1807 καὶ
597 1743 696 1827 λοιπὴ
716 1741 783 1829 άροι
801 1737 821 1826 ἡ
842 1747 905 1807 ΕΒ
924 1738 1008 1829 πρὸς
1025 1740 1155 1829 λοιπὴν

80 1866 113 1915 15
132 1848 195 1932 τήν
219 1852 287 1912 ΖΔ
315 1847 421 1932 ἐστιν,
449 1843 494 1926 ὡς
516 1843 537 1933 y}
562 1854 627 1914 AB
649 1846 734 1935 πρὸς
755 1849 817 1935 τήν
841 1851 916 1915 ΓΔ.
961 1845 1155 1936 σύμμετρος

133 1951 171 2019 δὲ
188 1948 209 2038 v}
229 1958 294 2019 AB
317 1955 357 2041 vy}
382 1957 445 2020 ΓΛ
463 1950 573 2040 μήκει·
596 1951 782 2041 σύμμετρος
800 1951 866 2039 άμοι
884 1951 952 2021 ἐστὶ
970 1953 1026 2020 καὶ
1046 1950 1068 2041 v}
1087 1953 1155 2041 μὲν

132 2065 202 2126 ΑΕ
221 2061 261 2147 τῇ
285 2064 357 2144 ΓΖ,
380 2055 400 2144 ἡ
426 2058 464 2126 δὲ
482 2065 545 2126 ΕΒ
567 2061 607 2147 vy}
628 2064 703 2126 ΖΛ.
739 2063 798 2126 καί
816 2061 880 2127 εἰσι
899 2057 996 2145 ῥηταὶ
1015 2061 1054 2124 οιί
1070 2068 1152 2146 ΑΕ,

132 2171 210 2232 ΕΒ·
240 2164 337 2251 ῥηταὶ
361 2162 426 2250 άροι
449 2164 514 2231 εἰσὶ
537 2164 593 2231 καὶ
611 2167 649 2232 αἱ
664 2168 735 2252 ΓΖ,
751 2171 825 2232 ΖΛ.
861 2163 917 2232 καὶ
938 2165 1038 2250 [ἐπεί]
1060 2167 1157 2234 ἐστιν

134 2268 179 2350 ὡς
201 2266 221 2356 v}
247 2277 316 2338 AE
336 2268 421 2358 πρὸς
444 2274 520 2356 ΓΖ,
550 2268 571 2357 v}
595 2278 658 2338 ΕΒ
686 2268 771 2359 πρὸς
794 2279 869 2338 ΖΛ.
915 2269 1058 2352 ἐναλλὰξ
1087 2269 1157 2360 άροι

80 2399 116 2450 20
134 2374 226 2444 ἐστὶν
255 2372 301 2454 ως
328 2372 349 2460 v}
374 2382 443 2442 AE
468 2378 552 2462 πρὸς
574 2382 656 2461 ΕΒ,
689 2373 709 2462 v}
738 2381 800 2444 ΓΖ
827 2374 911 2465 πρὸς
935 2383 1009 2444 ΖΛ.
1057 2380 1095 2444 αἱ
1118 2377 1157 2445 δὲ

133 2488 215 2566 ΑΕ,
235 2486 298 2547 ΕΒ
322 2478 465 2567 δυνάμει
484 2479 591 2567 μόνον
615 2481 707 2566 [εἰσὶ]
729 2480 924 2570 σύμμετροι·
948 2482 1004 2549 καὶ
1024 2485 1063 2550 οιί
1079 2488 1155 2568 ΓΖ,

135 2593 203 2652 ΖΛ
220 2583 286 2674 άμοι
301 2585 443 2673 δυνάμει
457 2585 565 2673 μόνον
580 2587 645 2655 εἰσὶ
660 2586 852 2677 σύμμετροι.
890 2592 949 2654 καί
960 2591 1024 2656 εἰσι
1041 2590 1158 2676 ῥηταί·

136 2690 256 2760 ἐκδύο
281 2690 348 2780 άμοι
372 2690 550 2780 ὀνομάτων
574 2691 665 2761 ἐστὶν
688 2690 709 2780 y}
733 2699 804 2761 ΓΛ.

201 2799 298 2885 Λέγω
323 2798 377 2886 δή,
402 2797 515 2888 ὅτιτῇ
538 2798 628 2880 τάξει
652 2799 742 2867 ἐστὶν
765 2795 786 2886 ἡ
810 2796 894 2885 αὐτή
918 2809 958 2888 vy}
981 2807 1058 2868 ΑΒ.

207 3019 230 3067 1Ι
252 3007 322 3083 ὅπερ
343 3010 403 3068 ἔδει
421 3012 531 3100 δειξοιι]
556 3029 645 3102 τοτυμ.
664 3012 700 3080 P,
720 3028 774 3066 om.
793 3011 907 3068 BPVb.
981 3017 1006 3068 6.
1027 3007 1155 3070 ἔστίνΡ.

169 3080 335 3155 ή]ωι..23
392 3079 503 3150 7.ή-
470 3053 929 3165 —8.5voyvoivoev]mg..m23.
985 3088 1028 3137 11
1047 3079 1156 3156 ονομα]

134 3172 188 3210 om.
209 3155 244 3210 V.
318 3161 360 3210 14.
383 3154 452 3226 ΓΖ]
475 3158 545 3210 mut
571 3153 981 3239 1nBvaal]1nras
1000 3155 1034 3210 V.
1111 3161 1154 3211 16.

136 3225 205 3311 ΖΔ]
230 3228 282 3278 ΔΖ
305 3224 367 3279 FV.
445 3225 520 3351 TA}
541 3243 611 3280 corr.
635 3243 670 3280 ex
693 3228 750 3280 EA
772 3224 802 3278 F
879 3220 914 3280 ου’
915 3245 1090 3296 μμετρος-
1112 3233 1154 3281 16.

135 3292 230 3367 μήκει]
251 3312 288 3350 m
307 3295 371 3350 ΕΒ
445 3301 478 3351 16
521 3296 580 3368 στί]
599 3313 653 3351 om.
672 3295 706 3365 b,
729 3314 765 3351 m.
785 3297 851 3350 213.
926 3301 967 3352 17.
988 3297 1057 3368 ΖΔ]
1083 3314 1154 3352 corr.

136 3382 171 3421 ex
189 3366 295 3421 AZV.
356 3362 389 3420 αἱ
405 3370 466 3434 ΑΕ,
485 3367 550 3439 ΕΒ]
569 3385 625 3437 mg.
645 3385 681 3421 m.
698 3339 770 3422 ἨΕ
831 3373 873 3421 18.
894 3365 1014 3423 εἰσίνΒ.
1052 3364 1154 3456 ἐπεί]

135 3454 189 3492 om.
208 3436 239 3494 Ρ.
301 3443 342 3493 19.
362 3457 433 3523 προς
448 3441 546 3492 ΓΖ
561 3443 603 3494 20.
623 3438 691 3509 ΑΕ]
711 3456 768 3526 mg.
787 3456 823 3494 m
843 3439 910 3495 213.
967 3444 1009 3494 19.
1028 3436 1082 3508 τήν
1103 3444 1156 3494 ΓΖ

134 3508 197 3564 BV.
255 3512 358 3564 ΓΖ-
377 3504 457 3579 πρός]
477 3525 631 3579 suprascr.
650 3508 681 3564 F
736 3508 787 3578 τήν
806 3514 860 3564 ΖΛ
876 3510 911 3565 V.
966 3505 1036 3581 ἄρα]
1052 3526 1108 3567 om.
1122 3509 1155 3566 P.
