2474 3908
112 167 177 233 100
498 167 699 220 ΣΤΟΙΧΕΙΩΝ
719 161 747 223 ι’.

111 317 176 377 ΑΒ
195 305 395 397 ἡμικύκλιον
413 306 451 376 τὸ
468 315 575 394 ΑΖΒ,
594 308 651 376 καὶ
668 306 766 395 ἤχθω
784 309 824 397 τῇ
840 314 904 375 ΑΒ
921 305 1004 396 πρὸς
1022 305 1133 395 ὀρθάς

111 414 132 504 ἡ
157 422 236 502 ΕΖ,
259 415 315 483 καί
338 414 593 501 ἐπεζεύχθωσαν
616 418 655 482 αί
675 423 750 500 ΑΖ,
775 421 845 483 ΖΒ.

178 521 248 590 Καὶ
271 521 342 589 ἐπεὶ
365 520 457 606 [δύο]
486 518 619 590 εὐθεῖαι
643 520 758 590 άνισοί
778 525 864 589 είσιν
893 524 931 589 αί
951 528 1016 589 ΑΒ
1024 573 1033 607 ,
1057 529 1134 609 ΒΓ,

110 627 167 696 καὶ
189 625 210 715 ἡ
229 635 296 696 ΑΒ
318 631 377 715 τῆς
394 634 462 696 ΒΓ
475 635 587 714 μεῖζον
607 627 748 696 δύναται
766 631 812 719 τῷ
832 626 897 696 άπὸ
916 626 1134 715 ἀσυμμέτρου

77 737 229 826 εὲαυτῇ,
255 744 302 828 τῷ
331 734 369 802 δὲ
391 734 534 828 τετάρτῳ
557 739 618 803 τοῦ
641 734 706 804 άτιὸ
730 745 789 822 τῆς
811 741 889 821 ΒΓ,
911 736 1060 803 τουτέστι
1084 739 1134 827 τῷ

112 839 178 910 άπὸ
205 845 264 928 τῆς
290 838 442 928 ἡμισείας
465 839 577 928 αὐτῆς,
601 849 678 909 ίσον
700 840 789 929 παρά
813 839 875 928 τὴν
899 848 968 908 ΑΒ
986 843 1133 929 παραβέ-

112 954 230 1036 βληται
260 949 609 1036 παραλληλόγραμμον
642 950 795 1016 ἐλλεῖπον
823 952 906 1016 είὸει
932 947 1133 1040 τετραγώνῳ

111 1056 167 1124 καί
190 1069 281 1124 ποιεί
300 1054 338 1123 τὸ
361 1052 428 1123 ὑπὸ
450 1058 519 1123 τῶν
538 1062 655 1141 ΑΕΒ,
678 1053 889 1143 ἀσύμμετρος
913 1053 980 1142 άρα
1000 1052 1133 1142 ἐστίυὴ

112 1169 182 1230 ΑΕ
205 1166 246 1251 τῇ
275 1169 346 1231 ΕΒ.
391 1166 451 1230 καί
474 1164 565 1230 ἐστιν
593 1161 639 1242 ὡς
665 1159 686 1249 ἡ
714 1169 785 1230 ΑΕ
810 1159 893 1251 πρὸς
915 1168 996 1247 ΕΒ,
1025 1158 1135 1242 οὕτως

72 1293 94 1344 ,ο
113 1267 151 1338 τὸ
174 1266 241 1338 ὑπὸ
263 1272 332 1337 τῶν
350 1276 428 1354 ΒΑ,
447 1276 516 1337 ΑΕ
531 1267 616 1357 πρὸς
634 1265 672 1337 τὸ
690 1265 757 1337 ὑπὸ
775 1272 843 1336 τῶν
862 1276 939 1354 ΑΒ,
958 1275 1032 1353 ΒΕ,
1056 1277 1136 1336 ἴσον

114 1376 152 1444 δὲ
173 1375 212 1444 τὸ
236 1375 297 1463 μὲν
320 1373 385 1444 ὑπὸ
409 1379 479 1444 τοῖν
502 1383 579 1461 ΒΑ,
603 1383 672 1442 ΑΕ
692 1379 738 1467 τῷ
762 1373 827 1443 άπὸ
852 1378 910 1461 τῆς
934 1381 1012 1459 ΑΖ,
1033 1373 1071 1442 τὸ
1096 1374 1137 1444 δὲ

110 1478 178 1550 ὑπὸ
202 1491 271 1550 τῶν
294 1489 371 1568 ΑΒ,
394 1488 460 1550 ΒΕ
484 1486 530 1573 τῷ
558 1480 623 1550 άαὸ
647 1484 706 1567 τῆς
728 1488 803 1548 ΒΖ·
830 1478 1042 1570 ἀσύμμετρον
1066 1479 1134 1566 άρα

113 1588 183 1657 ἐστὶ
205 1587 243 1656 τὸ
267 1585 333 1656 άπὸ
352 1592 412 1675 τῆς
430 1592 554 1679 ΑΖτῷ
574 1585 639 1656 άτὸ
658 1591 716 1674 τῆς
736 1594 810 1655 ΖΒ·
835 1591 872 1655 αί
890 1596 966 1673 ΑΖ,
985 1594 1046 1655 ΖΒ
1066 1585 1135 1672 άρα

114 1693 255 1783 δυνάμει
279 1695 365 1763 είσὶν
384 1692 597 1784 ἀσύμμετροι.
639 1694 696 1762 καὶ
715 1695 785 1763 ἐπεὶ
803 1691 824 1780 ἡ
841 1702 907 1762 ΑΒ
926 1693 1009 1781 ῥητή
1030 1696 1135 1774 ἐστιν,

72 1825 95 1875 ,ο
114 1803 217 1887 ῥητὸν
250 1799 316 1888 άρα
346 1801 415 1870 ἐστὶ
447 1802 503 1869 καὶ
534 1799 572 1870 τὸ
606 1799 672 1869 άπὸ
703 1803 761 1887 τῆς
785 1808 865 1868 ΑΒ·
899 1801 982 1869 ὥστε
1009 1800 1065 1867 καὶ
1092 1798 1151 1874 τὸ,

114 1911 333 1995 συγκείμενον
361 1909 396 1976 ἐκ
424 1912 492 1975 τῶν
520 1905 585 1975 άπὸ
613 1911 683 1975 τῶν
711 1916 743 1974 Α
750 1915 789 1992 Ζ,
812 1913 873 1974 ΖΒ
901 1909 1003 1994 ῥητόν
1032 1908 1134 1974 ἐστιν.

113 2014 169 2082 καὶ
193 2013 263 2082 ἐπεὶ
296 2011 397 2082 πάλιν
427 2011 466 2082 τὸ
498 2011 563 2082 ὑπὸ
593 2023 661 2082 τῶν
694 2021 771 2100 ΑΕ,
795 2020 857 2081 ΕΒ
886 2021 962 2080 ίσον
989 1998 1058 2080 ἐστί
1085 2023 1135 2105 τῷ

114 2118 179 2188 άπὸ
204 2124 262 2208 τῆς
285 2127 363 2208 ΕΖ,
390 2118 561 2190 ὑπόκειται
585 2121 623 2189 δὲ
645 2119 683 2189 τὸ
707 2117 772 2188 ὑπὸ
797 2122 865 2189 τῶν
888 2126 967 2206 ΑΕ,
990 2126 1053 2186 ΕΒ
1076 2118 1136 2186 καὶ

113 2231 160 2320 τῷ
188 2224 252 2296 άπὸ
280 2232 339 2314 τῆς
361 2235 430 2295 ΒΛ
452 2236 544 2313 ἴσον,
573 2237 629 2315 ἴση
653 2227 720 2316 άρα
743 2229 835 2296 ἐστὶν
857 2223 878 2314 ἡ
902 2234 967 2294 ΖΕ
987 2237 1028 2314 τῇ
1051 2233 1136 2293 ΒΔ·

72 2358 96 2407 ιο
115 2336 216 2421 διπλῆ
239 2333 305 2422 άρα
328 2331 348 2420 ἡ
373 2340 441 2402 ΒΓ
457 2339 516 2420 τῆς
539 2341 613 2402 ΖΕ·
641 2331 803 2402 ὥστεκαὶ
826 2331 864 2401 τὸ
887 2330 953 2402 ὑπὸ
973 2342 1039 2400 τῶν
1058 2339 1136 2420 ΑΒ,

115 2446 183 2508 ΒΓ
205 2438 395 2527 σύμμετρόν
419 2441 488 2508 ἐστι
510 2445 556 2533 τῷ
580 2438 646 2509 ὑπὸ
669 2444 738 2509 τάν
761 2447 837 2527 ΑΒ,
861 2447 931 2510 ΕΖ.
968 2440 1072 2527 μέσον
1097 2438 1137 2506 δὲ

114 2544 153 2615 τὸ
173 2543 238 2614 ὑπὸ
258 2550 327 2615 τῶν
344 2552 423 2631 ΑΒ,
439 2553 513 2615 BP·
537 2548 641 2633 μέσον
665 2545 730 2635 άρα
748 2546 860 2616 καὶτὸ
880 2545 946 2616 ὑπὸ
966 2549 1035 2613 τῶν
1054 2553 1135 2632 ΑΒ,

114 2658 188 2722 ΕΖ.
225 2660 301 2720 ίσον
325 2652 362 2721 δὲ
384 2651 422 2720 τὸ
446 2650 511 2721 ὑπὸ
534 2664 602 2721 τῶν
627 2660 706 2740 AB,
728 2660 792 2721 ΕΖ
813 2658 859 2746 τῷ
883 2651 949 2722 ὑπὸ
966 2657 1033 2720 τῶν
1057 2659 1135 2739 ΑΖ,

117 2766 190 2827 ΖΒ·
221 2760 324 2846 μέσον
348 2757 415 2848 άρα
437 2758 552 2828 καὶτὸ
581 2757 647 2828 ὑπὸ
675 2764 743 2828 τῶν
771 2767 848 2847 AZ,
872 2767 943 2829 ZB.
996 2762 1134 2846 ἐδείχθη

72 2890 97 2939 ιε
116 2864 154 2934 δὲ
180 2866 236 2934 καὶ
264 2864 367 2955 ῥητὸν
394 2864 433 2934 τὸ
462 2871 682 2954 συγκείμενον
710 2869 746 2935 ἐκ
772 2872 841 2936 τῶν
865 2863 921 2934 ἆτ’
947 2864 1060 2934 αὐτῶν
1083 2892 1136 2934 τε-

115 2973 306 3059 τραγάνων.

190 3105 213 3152 1.
232 3098 296 3169 AB]
315 3096 441 3153 AEBb.
504 3097 624 3154 ABZP.
687 3104 712 3152 3.
731 3093 796 3168 δάν]
816 3113 870 3152 om.
885 3097 915 3165 P,
934 3100 999 3167 post
1017 3092 1135 3152 εὖθειαι

118 3168 170 3222 ins.
189 3186 226 3222 m
245 3174 271 3223 2.
343 3166 398 3257 αί]
415 3185 452 3224 m.
473 3186 527 3225 rec.
546 3170 576 3225 P.
649 3176 674 3225 4.
699 3169 858 3239 συμμέτρου
877 3169 942 3238 FV,
962 3185 1031 3224 corr.
1050 3186 1087 3223 m.
1108 3175 1134 3223 2.

156 3245 214 3294 sm
198 3235 299 3312 τὸ(τῷ
314 3240 350 3307 V)
370 3239 402 3294 δὲ
422 3240 555 3326 τέταρτον
574 3239 687 3324 BFVb‚
706 3257 776 3296 corr
790 3258 827 3295 m
841 3211 1134 3329 2Β1ί(τετάρτφω

117 3308 368 3381 εθο.1)).τῆς]
378 3311 440 3396 τῆς
460 3307 659 3374 ἐλάσσονος
627 3331 677 3399 της
679 3283 791 3366 Theon
810 3310 947 3381 (BFVb)
1019 3295 1135 3365 τοάτὲο-

119 3381 212 3435 τινΡ.
284 3376 385 3453 τῷ]’
354 3400 386 3434 το
405 3380 461 3449 Pb,
480 3398 550 3437 corr.
570 3398 603 3436 ex
623 3380 653 3437 τό
672 3401 709 3436 m.
728 3381 794 3437 2Β.
868 3389 892 3437 6.
913 3384 988 3456 ἴσον]
1008 3399 1061 3439 om.
1081 3383 1135 3451 Fb,

117 3468 154 3506 m.
173 3453 240 3507 2Β.
313 3458 337 3506 7.
356 3424 659 3540 παραλληλόγραμμον]
678 3471 732 3508 om.
751 3453 812 3522 Fb,
829 3471 866 3506 m
886 3453 953 3508 2Β.
1026 3459 1052 3508 8
1070 3456 1135 3520 ΛΕ,

111 3524 220 3594 ¹ERV,
240 3541 277 3578 m.
291 3521 391 3578 ree.P.
442 3530 467 3579 9.
485 3542 557 3593 τρος
570 3544 622 3595 την
641 3524 745 3581 EBV.
794 3533 835 3582 10.
854 3524 922 3596 τῶν]
941 3524 1083 3596 (211.)οω
1102 3524 1134 3580 Ρ.
