2474 3908
166 171 231 238 336
552 173 752 227 ΣΤοῐΧΕΙοΝ
771 169 797 228 ι’.

167 312 212 394 ὡς
236 313 273 383 δὲ
296 311 316 401 ἡ
339 319 401 381 ΓΖ
428 311 511 401 πρὸς
538 311 600 399 τὴν
628 320 709 399 ΖΛ,
743 311 849 393 οὕτως
875 313 913 382 τὸ
943 310 1010 383 άπὸ
1039 320 1103 403 τῆς
1127 323 1186 386 ΓΖ

166 420 249 506 πρὸς
271 418 398 495 τὸ,ὑνὸ
415 423 485 488 τῶν
508 425 578 506 ΓΖ,
599 426 690 503 ΖΔ],
714 424 804 487 ἔστιν
827 417 893 508 άρσ
916 421 971 488 καὶ
996 418 1043 502 ὡς
1060 419 1103 491 τὸ
1124 419 1186 493 άπο

166 531 224 612 τῆς
246 533 315 593 ΑΕ
340 524 423 614 πρὸς
445 524 483 609 τὸ
510 523 575 593 ὑπὸ
603 530 671 593 τῶν
699 534 780 610 ΑΕ,
803 532 881 614 ΕΒ,
915 525 1024 607 οὕτως
1050 525 1092 596 τὸ
1123 528 1186 598 άπὸ

166 636 225 718 τῆς
247 637 308 699 ΓΖ
330 631 413 720 πρὸς
435 631 472 700 τὸ
496 628 563 700 ὑπὸ
587 635 656 700 τῶν
679 638 758 717 ΓΖ,
782 638 849 700 ΖΔ
878 633 949 723 [καὶ
972 631 1121 716 ἐναλλὰξ
1145 632 1187 714 ὡς

132 735 204 810 οτὸ
228 734 294 805 άπὸ
317 741 376 824 τῆς
398 745 467 805 ΑΕ
487 736 572 826 πρὸς
593 736 631 805 τὸ
656 734 721 805 άπὸ
744 741 803 824 τῆς
825 744 897 824 ΓΖ,
923 736 1031 820 οὕτως
1053 738 1095 819 τὸ
1121 738 1185 809 ὑπὸ

165 847 235 911 τῶν
258 852 290 910 Α
296 851 335 930 Ε,
355 851 417 910 ΕΒ
440 841 524 932 πρὸς
543 842 581 911 τὸ
600 841 665 912 ὑπὸ
683 848 751 912 τῶν
770 850 845 930 ΓΖ,
864 850 952 929 ΖΔ].
990 845 1186 934 σύμμετρον

168 950 206 1018 δὲ
227 951 265 1020 τὸ
290 947 354 1020 άπὸ
377 955 436 1039 τῆς
458 959 528 1019 ΑΕ
553 955 598 1042 τῷ
622 947 687 1018 άπὸ
710 955 768 1037 τῆς
790 958 865 1019 ΓΖ·
902 951 1098 1038 σύμμετρον
1122 951 1187 1042 ἄρα

168 1058 236 1125 ἐστὶ
259 1056 375 1126 καὶτὸ
398 1055 465 1126 ὑπὸ
488 1060 556 1124 τῶν
580 1065 654 1139 ΑΕ,
676 1065 738 1124 ΕΒ
761 1062 807 1150 τῷ
830 1055 897 1126 ὑπὸ
921 1062 989 1126 τῶν
1013 1064 1092 1145 ΓΖ,
1114 1067 1187 1126 ΖΔ.

168 1171 232 1232 εἴτε
256 1157 319 1232 οὖν
337 1164 441 1251 ῥητόν
461 1166 529 1232 ἐστι
548 1161 585 1232 τὸ
604 1160 670 1230 ὑπὸ
689 1167 757 1230 τῶν
776 1172 853 1250 ΑΕ,
870 1171 943 1249 ΕΒ,
967 1162 1074 1251 ῥητὸν
1095 1170 1185 1234 ἔσται

117 1294 149 1343 10
167 1270 221 1336 καὶ
249 1272 286 1338 τὸ
313 1268 380 1338 ὑπὸ
408 1274 477 1339 τῶν
502 1276 576 1355 ΓΖ,
601 1277 682 1354 ΖΛ,
710 1276 774 1337 εἴτε
802 1271 905 1357 μέσον
930 1270 1029 1354 [ἐστὶ]
1053 1270 1096 1339 τὸ
1122 1269 1186 1340 ὑπὸ

165 1384 234 1442 τῶν
257 1384 290 1442 Α
297 1383 335 1459 Ε,
355 1382 429 1461 ΕΒ,
453 1376 556 1462 μέσον
576 1375 673 1458 [ἐστὶ]
696 1375 813 1442 καὶτὸ
836 1373 901 1443 ὑπὸ
926 1379 994 1442 τῶν
1013 1381 1090 1462 ΓΖ,
1112 1384 1185 1446 ΖΔ.

233 1482 350 1566 Μέσης
372 1479 439 1569 άρσι
462 1479 613 1568 άποτομή
635 1484 726 1550 ἐστιν
753 1479 774 1568 ἡ
797 1488 865 1549 ΓΔ
891 1481 946 1550 καὶ
973 1486 1015 1572 σῇ
1043 1484 1136 1565 τάξει
1165 1481 1185 1570 ἡ

167 1583 250 1673 αὐτὴ
273 1590 313 1674 τῇ
338 1593 417 1653 ΑΒ·
446 1585 526 1672 ὅπερ
551 1591 618 1655 ἔδει
643 1590 756 1670 δεῖξαι.

644 1792 704 1853 οε.

116 1911 148 1960 15
229 1883 274 1956 Ἡ
291 1891 336 1976 τῇ
360 1887 553 1956 ἐλάσσονι
577 1888 798 1978 σύμμετρος
821 1890 1000 1959 ἐλάσσων
1025 1894 1150 1961 έστίν.

224 1992 333 2062 Ἔστω
356 1992 420 2082 γὰρ
442 1995 594 2062 ἐλάσσων
617 1992 637 2081 ἡ
661 2002 727 2063 ΑΒ
753 1997 810 2064 καὶ
837 1999 876 2084 τῇ
900 2005 966 2064 ΑΒ
993 1998 1185 2088 σύμμετρος

168 2098 188 2186 ἡ
212 2105 286 2167 ΓΔ·
315 2100 411 2186 λέγω,
434 2097 486 2168 ὅτι
508 2101 564 2167 καὶ
586 2098 608 2187 ἡ
632 2106 693 2168 ΓΔ
716 2101 867 2170 ἐλάσσων
891 2104 989 2172 ἐστίν.

234 2208 403 2293 Γεγονέτω
423 2207 486 2294 γάρ
504 2205 544 2274 τὰ
568 2206 666 2276 αὐτά·
702 2210 758 2275 καὶ
781 2209 851 2276 ἐπεὶ
875 2211 913 2276 αἱ
933 2216 1013 2295 ΑΕ,
1036 2216 1104 2278 ΕΒ
1129 2216 1185 2280 δυ·

167 2312 266 2401 νάμει
290 2314 376 2382 εἰσὶν
400 2310 613 2401 ἀσύμμετροι,
637 2312 693 2381 καὶ
717 2317 754 2380 αἱ
770 2320 841 2401 ΓΖ,
862 2323 929 2382 ΖΛ
952 2315 1018 2404 ἄρα
1038 2319 1185 2406 δυνάμει

114 2442 149 2491 20
167 2420 254 2487 εἰσὶν
277 2418 490 2509 ἀσύμμετροι.
527 2421 597 2488 ἐπεὶ
621 2447 683 2488 ουν
707 2422 797 2488 ἐστιν
821 2418 866 2500 ὡς
884 2419 905 2507 ἡ
924 2430 957 2488 Α
963 2429 993 2488 Ε
1014 2422 1101 2511 πρὸς
1123 2423 1185 2511 τὴν

168 2532 243 2611 ΕΒ,
267 2527 374 2605 οὕτως
395 2524 417 2612 ἡ
440 2532 502 2593 ΓΖ
520 2528 604 2614 πρὸς
626 2523 687 2611 τὴν
706 2534 783 2612 ΖΛ,
809 2532 899 2594 ἔστιν
921 2525 986 2616 ἄρα
1002 2528 1059 2595 καὶ
1081 2529 1130 2612 ὡς
1146 2530 1185 2601 τὸ

167 2628 231 2696 άπὸ
255 2635 314 2716 τῆς
332 2639 401 2698 ΑΕ
420 2630 504 2717 πρὸς
526 2631 563 2700 τὸ
589 2631 653 2699 άπὸ
676 2620 735 2718 τῆς
754 2640 825 2720 ΕΒ,
850 2631 956 2712 οὕτως
979 2631 1016 2701 τὸ
1036 2633 1107 2704 άπὸ
1126 2641 1185 2724 τῆς

167 2740 226 2802 ΓΖ
250 2734 333 2822 πρὸς
355 2735 393 2804 τὸ
418 2732 482 2805 άπέ,
502 2740 561 2823 τῆς
579 2745 653 2805 ΖΔ.
686 2740 849 2808 συνθέντι
873 2738 938 2828 ἄρα
961 2741 1052 2809 έστὶν
1078 2740 1126 2824 ὡς
1143 2742 1184 2812 τά

167 2841 232 2912 άπὸ
256 2847 325 2912 τῶν
348 2851 428 2929 ΑΕ,
453 2851 515 2911 ΕΒ
543 2841 626 2929 πρὸς
652 2841 691 2913 τὸ
720 2842 785 2912 άπὸ
813 2849 872 2932 τῆς
895 2854 974 2932 ΕΒ,
1008 2844 1120 2930 οὕτως
1143 2848 1183 2917 τά

114 2971 148 3021 25
167 2947 232 3018 άπὸ
251 2954 320 3018 τῶν
339 2955 409 3035 ΓΖ,
425 2957 492 3016 ΖΛ
514 2948 596 3038 πρὸς
618 2947 655 3017 τὸ
680 2946 746 3016 άπὸ
764 2953 821 3036 τῆς
836 2958 901 3018 ΖΔ
922 2953 989 3034 [καὶ
1009 2954 1183 3040 ἐνσλλάξ]·

240 3167 264 3215 1.
285 3162 347 3232 ΓΖ]
363 3163 433 3231 (alt.)
453 3163 553 3219 ΖΓΕ.
625 3168 650 3216 2.
670 3158 720 3234 ὡς]
740 3178 793 3218 om.
809 3184 840 3232 φ.
911 3165 1183 3239 4.νοιί-6.ΖΔ]

168 3247 221 3284 om.
240 3231 270 3285 P.
346 3239 370 3286 6.
394 3232 677 3356 τῶν](ο1λ.ἒοω.1).
752 3240 775 3289 9.
799 3235 1183 3306 EB]Binras,m.1P.

203 3298 292 3370 έοται]
314 3297 372 3357 ἔστι
390 3303 488 3359 Theon
508 3304 541 3369 (B
575 3304 643 3374 Vb).
718 3311 759 3361 10.
779 3301 856 3376 έσσί]
876 3305 967 3361 om.P
1041 3311 1086 3363 11.
1108 3306 1182 3382 ἐστί]

167 3388 221 3426 om.
241 3371 272 3425 P.
328 3377 369 3427 12.
390 3371 459 3441 μέση
478 3374 562 3429 BVb.
622 3381 663 3429 13.
684 3369 754 3446 ὅπερ
769 3373 828 3431 ἔδει
842 3377 947 3448 δεῖξαι]
968 3393 1058 3448 comp.
1074 3379 1109 3448 P,
1129 3397 1183 3437 om.

167 3443 279 3498 BFVb.
338 3449 380 3498 15.
394 3442 440 3512 τῇ]
455 3461 524 3498 corr.
535 3443 565 3498 in
575 3446 624 3515 τῆς
637 3464 673 3501 m.
685 3453 700 3500 2
710 3447 741 3514 F,
760 3447 846 3516 τῆςὶ).
902 3444 1045 3521 ἐλάσσονι]
1061 3445 1183 3509 ἔλασσον

168 3513 243 3569 Fm⁴
261 3520 284 3584 1,
305 3508 454 3578 ἐλάσσονος
473 3516 499 3583 b,
519 3517 540 3570 Ε
559 3535 595 3571 m.
611 3523 634 3573 2.
664 3515 772 3572 Deinde
792 3518 845 3574 del.
861 3517 945 3589 μήκει
963 3519 993 3576 Ε.
1051 3526 1095 3576 16.
1116 3520 1182 3595 γάρ]
