2474 3908
167 171 210 236 76
551 174 754 227 ΣΤΟῙΧΕΙΩΝ
772 168 799 228 ι’.

165 315 221 382 καὶ
249 310 462 402 α’σάμμετρος
483 319 523 404 τῇ
547 322 611 383 ΕΖ
633 314 742 404 μήκει·
773 311 983 402 ἀσύμμετρος
1004 314 1072 401 άρα
1096 315 1187 384 ἐστὶν

166 417 284 508 ἡΕΗ
302 425 342 509 τῇ
375 427 443 489 ΗΘ
471 422 577 508 μήκει.
621 427 681 490 καί
702 424 792 491 ἐστιν
816 419 862 501 ὡς
883 418 904 507 ἡ
928 428 1002 489 ΕΗ
1020 423 1104 508 πρὸς
1125 421 1187 509 τὴν

165 533 248 611 ΗΘ,
279 524 386 609 οὕτως
413 526 451 595 τὸ
475 525 629 619 άιιὸμῆς
651 534 724 597 ΕΗ
748 525 833 612 πρὸς
860 529 898 596 τὸ
925 525 990 596 ὑπὸ
1012 531 1085 613 τοῖν
1107 535 1187 615 ΕΗ,

167 639 247 702 ΗΘ·
277 630 492 722 ἀσύμμετρον
521 634 588 722 άρα
616 635 685 703 έστὶ
713 632 751 703 τὸ
780 632 844 702 άπδ
873 638 931 721 τῆς
953 641 1028 702 ΕΗ
1049 637 1097 725 τῷ
1119 632 1188 703 ὑπὸ

133 744 236 810 στάν
263 747 343 826 ΕΗ,
366 747 444 810 ΗΘ.
487 739 572 810 άλλά
595 752 641 834 τῷ
666 741 728 829 μὲν
751 737 818 809 άτδ
842 743 901 829 τῆς
922 747 993 808 ΕΗ
1015 739 1187 829 σύμμετρά

168 844 298 914 ἐστιτὰ
324 843 390 915 άτιὸ
413 851 482 916 τάν
505 855 585 934 ΕΗ,
606 854 675 916 ΗΘ
697 846 903 935 τετράγωνα·
931 846 1014 936 ῥητὰ
1038 849 1103 934 γάρ
1128 845 1187 935 άμ·

167 952 305 1039 φότερα·
332 958 379 1045 τῷ
404 953 441 1023 δὲ
464 951 530 1022 ὑπὸ
554 959 622 1022 τῶν
647 961 726 1039 ΕΗ,
750 960 818 1021 ΗΘ
841 953 1033 1041 σύμμετρόν
1056 957 1128 1022 ἐστι
1149 953 1187 1022 τὸ

167 1059 220 1138 δὶς
247 1056 312 1128 ὑπὸ
338 1064 407 1128 τῶν
432 1067 512 1148 ΕΗ,
537 1067 617 1128 ΗΘ·
647 1060 826 1129 διπλάσιον
853 1060 919 1149 γάρ
949 1063 1039 1129 ἐστιν
1069 1057 1186 1129 αὐτοῦ·

167 1164 360 1253 ἀσύμμετρα
384 1164 448 1255 άρα
472 1167 541 1234 ἐστὶ
563 1167 603 1234 τὰ
623 1164 688 1235 άτιὸ
710 1170 778 1235 τῶν
797 1173 877 1254 ΕΗ,
895 1173 964 1234 ΗΘ
980 1178 1027 1258 τῷ
1046 1167 1100 1248 δὶς
1117 1164 1184 1235 ὑπὸ

117 1296 148 1345 10
167 1276 236 1340 τῶν
258 1279 338 1357 ΕΗ,
362 1279 442 1340 ΗΘ·
473 1274 529 1340 καὶ
556 1273 795 1360 συναμφότερα
819 1272 886 1359 άρα
908 1271 948 1340 τά
972 1299 1007 1340 τε
1029 1271 1096 1343 άπὸ
1120 1277 1188 1341 τῶν

150 1366 248 1463 ἀει,
267 1384 335 1444 Ην
358 1378 413 1445 καὶ
436 1376 474 1445 τὸ
499 1379 551 1458 ας
574 1375 640 1447 ὑπὸ
664 1383 732 1446 εει
750 1385 830 1464 εΗ,
849 1385 928 1464 Ηο,
952 1376 1033 1466 ὅπερ
1056 1380 1127 1448 ἐστι
1150 1377 1188 1448 τὸ

169 1482 234 1552 άτιὸ
258 1487 317 1569 τῆς
340 1490 414 1568 ΕΘ,
437 1481 651 1571 άσάμμετρόν
669 1487 738 1552 ἐστι
755 1498 826 1565 τοῖς
843 1482 911 1553 άτιὸ
928 1489 997 1554 τῶν
1015 1492 1097 1573 ΕΗ,
1118 1493 1189 1554 ΗΘ.

168 1588 253 1676 ῥητά
282 1590 320 1657 δὲ
347 1587 387 1658 τά
414 1588 483 1657 άπὸ
510 1594 579 1658 τῶν
607 1597 687 1675 ΕΗ,
711 1597 792 1658 ΗΘ·
822 1589 949 1677 άλονον
972 1589 1038 1679 άρα
1060 1590 1099 1660 τὸ
1122 1588 1188 1659 άπὸ

168 1701 227 1783 τῆς
254 1703 325 1764 ΕΘ.
363 1695 485 1783 ἄλογος
518 1695 583 1785 άρα
616 1698 707 1766 ἐστὶν
739 1695 760 1783 ἡ
788 1704 860 1765 ΕΘ.
898 1695 983 1765 ἀλλὰ
1008 1698 1066 1765 καὶ
1093 1699 1189 1784 ῥητή·

117 1827 150 1874 15
170 1800 250 1891 ὅπερ
275 1804 366 1872 ἐστὶν
388 1801 568 1872 άδάνατον.

236 1912 356 1979 Μέσον
384 1909 451 1998 άρα
480 1911 584 1996 μέσον
613 1908 676 1997 οὐχ
703 1907 854 1996 ὑπερέχει
882 1912 984 2001 ῥητῷ·
1015 1907 1096 1996 ὅπερ
1121 1914 1189 1978 ἔδει

169 2018 284 2097 δεῖξαι.

650 2121 704 2203 κζ’.

232 2247 369 2326 Μέσας
406 2244 540 2332 εὑρεῖν
573 2243 748 2331 δυνάμει
779 2244 905 2332 μόνον
940 2246 1191 2332 συμμέτρους

117 2376 151 2424 20
170 2354 291 2438 ῥητὸν
314 2349 589 2437 περιεχούσας.

234 2454 482 2523 Ἐαικείσθωσαν
507 2455 570 2524 δύο
595 2456 692 2541 ῥηταὶ
716 2454 860 2542 δυνάμει
878 2455 985 2544 μόνον
1004 2455 1191 2547 σύμμετροι

170 2565 207 2629 αδ
228 2570 270 2647 A,
289 2569 329 2647 Β,
352 2562 408 2628 καὶ
432 2560 585 2648 εἰλήφθω
607 2572 675 2630 τῶν
695 2571 736 2648 A,
756 2569 785 2630 Β
808 2565 891 2649 μέση
910 2561 1083 2649 άνάλογον
1105 2560 1127 2651 ἡ
1152 2569 1190 2650 Γ,

169 2668 226 2735 καὶ
252 2669 417 2754 γεγονέτω
448 2665 493 2747 άς
515 2666 536 2755 ἡ
561 2675 594 2735 A
616 2671 700 2752 πρὸς
722 2671 785 2756 τὴν
808 2676 852 2756 Β,
880 2667 987 2750 οὕτως
1009 2666 1030 2756 ἡ
1055 2675 1088 2736 Γ
1105 2673 1191 2758 πρὸς

169 2777 231 2860 τὴν
254 2783 297 2842 Δ.

116 2907 150 2955 25
237 2882 305 2949 Καὶ
325 2881 394 2950 ἐπεὶ
418 2884 456 2948 αδ
477 2890 519 2967 Α,
539 2888 568 2948 Β
592 2883 693 2968 ῥηταί
718 2886 782 2950 εἰσι
808 2881 951 2969 δυνάμει
975 2881 1082 2970 μόνον
1105 2882 1189 2971 σάμ-

170 3014 293 3075 μετροι,
316 2990 353 3056 τὸ
377 2985 443 3076 άρα
466 2984 532 3056 ὑπὸ
550 2992 619 3055 τῶν
638 2998 682 3072 Α,
700 2995 740 3073 Β,
763 2989 912 3056 τουτέστι
931 2991 968 3056 τὸ
987 2987 1053 3057 άιιὸ
1071 2992 1133 3076 τῆς
1150 2995 1190 3076 Γ,

172 3096 276 3190 μέσον
299 3097 400 3162 ἐστίν.
440 3095 524 3181 μέση
548 3092 615 3182 ἄρα
638 3091 659 3181 ἡ
684 3100 720 3163 Γ.
756 3095 811 3161 καὶ
840 3096 914 3163 ἐπεί
938 3099 1029 3164 ἐστιν
1051 3092 1099 3176 ὥς
1116 3093 1138 3183 ἡ
1158 3106 1190 3164 A

171 3204 254 3284 πρὸς
280 3203 343 3287 τὴν
372 3207 416 3284 Β,
443 3197 575 3283 [οὕτως]
604 3197 625 3286 ἡ
650 3206 682 3267 Γ
705 3203 789 3285 πρὸς
811 3202 874 3289 τὴν
898 3211 944 3288 Δ,
968 3204 1005 3268 αἱ
1026 3201 1064 3269 δὲ
1092 3212 1135 3289 A,
1159 3209 1188 3270 Β

243 3384 269 3433 4,
288 3373 448 3445 άσάμετρον
467 3377 494 3430 b.
562 3375 608 3447 τό]
628 3392 643 3430 e
663 3393 733 3431 corr.
751 3378 779 3433 b.
850 3384 873 3432 7.
892 3375 938 3459 τό]
957 3393 1027 3435 corr.
1047 3395 1080 3434 ex
1098 3381 1138 3453 τῷ
1157 3379 1188 3434 Β.

208 3454 233 3504 8.
252 3449 308 3503 τῶν
328 3464 382 3502 om.
397 3446 456 3503 BF.
513 3451 537 3501 9.
553 3443 629 3502 ἐστίν
645 3448 673 3502 Ρ.
731 3454 772 3504 10.
792 3449 859 3517 τῶν]
875 3451 974 3519 (pnus)
988 3466 1042 3505 om.
1056 3449 1089 3503 Β.
1148 3456 1189 3506 11.

172 3520 241 3592 τῶν]
260 3539 294 3577 m.
315 3525 330 3573 2
350 3518 381 3587 F,
402 3534 455 3572 om.
476 3516 508 3574 Β.
582 3514 659 3573 έοτέν
678 3519 737 3573 ΡΒ.
809 3516 840 3573 τὸ
862 3514 931 3591 άπό]
952 3519 981 3574 in
999 3537 1053 3575 ras.
1074 3520 1190 3590 m.1P,
