2474 3908
148 183 215 248 254
536 183 737 236 ενοιεσιαα
755 178 781 235 ι.

219 328 266 412 Τή
286 322 352 411 ὅρα
366 331 432 391 ΑΒ
451 329 510 410 μία
529 323 637 411 μόνον
651 323 875 412 προσαρμόζει
890 321 1008 390 εύθεία
1023 324 1170 412 δυνάμει

148 428 357 517 ἀσύμμετρος
385 422 471 498 ούσα
498 435 538 517 τή
568 428 644 518 ὅλη,
672 430 753 516 μετὰ
776 429 813 498 δὲ
836 433 895 516 τῆς
918 428 998 515 ὅλης
1020 442 1169 500 ποιοῦσα

148 534 188 602 τύ
212 561 246 602 τε
267 532 324 602 ἄπ’
346 533 460 604 αύτων
482 535 673 623 τετράγωνα
691 533 761 622 ἅμα
779 538 884 624 μέσον
901 536 958 603 καὶ
977 534 1089 617 τὸοθίς
1108 536 1166 606 ὑπ’

148 638 259 709 αὐτων
283 639 388 726 μέσον
410 643 466 710 καὶ
489 646 537 709 ἔτι
560 639 600 709 τόι
622 640 681 709 ἀπ’
708 641 822 711 αύτων
845 643 1038 731 τετράγωνα
1061 642 1168 731 σἰσύμ-

116 774 131 823 5
151 772 253 835 μέτρα
276 751 323 839 τῷ
347 747 399 827 θὶς
421 744 478 815 ὑπ’
504 744 630 816 αύτύν·
655 748 734 834 ὅπερ
759 753 827 816 ἔδει
851 750 965 830 δεῖξαι.

520 959 627 1048 Ὅροι
649 966 785 1048 τρίτοι.

215 1083 259 1151 α’.
289 1082 523 1171 Ὑποκειμένης
538 1087 639 1171 ῥητής
652 1085 707 1151 καὶ
722 1083 902 1172 ἀποτομῆς,
917 1083 976 1153 ε’όιν
991 1083 1054 1171 μέν
1068 1082 1089 1172 ή
1105 1083 1169 1173 ὅλη

147 1194 206 1276 τής
219 1191 518 1280 προσαρμοζούσης
537 1197 649 1276 μεῖζον
664 1190 804 1276 δύνηται
824 1195 869 1282 τῷ
889 1187 954 1258 ἀπὸ
974 1193 1169 1279 συμμέτρου

149 1298 249 1386 έαυτή
284 1298 396 1384 μήκει,
428 1298 484 1364 καὶ
515 1294 536 1383 ἡ
573 1294 634 1382 ὅλη
663 1297 850 1384 σύμμετρος
876 1288 898 1386 ή
926 1301 966 1386 τή
994 1297 1167 1387 ἐκκειμένῃ

12 1473 18 1490 ,
96 1430 109 1477 1
148 1406 230 1491 ῥητή
253 1403 360 1490 μήκει,
384 1407 553 1471 καλείσθω
578 1400 915 1500 ύιμιζτ-ομήπροίπη.

12 1429 139 1586 ’λλ
214 1509 258 1595 β’.
290 1507 368 1578 Ἐὰν
388 1508 425 1577 δέ
448 1507 469 1596 ή
492 1509 771 1597 προσαρμόζουσα
795 1510 981 1599 σύμμετρος
1007 1502 1028 1599 ᾖ
1050 1513 1089 1598 τή
1114 1511 1130 1577 έ
1151 1553 1167 1562 -

146 1614 282 1704 κειμένη
311 1619 393 1706 ῥητή
422 1615 533 1702 μήκει,
565 1616 622 1682 καὶ
648 1613 669 1703 ή
699 1614 760 1703 ὅλη
788 1621 847 1704 τής
869 1615 1168 1706 προσαρμοζούσης

146 1727 259 1808 μεῖζον
282 1721 425 1808 δύνηται
455 1732 500 1812 τῷ
528 1719 592 1790 ύπό
623 1722 814 1809 συμμέτρου
847 1724 963 1812 έαυτή,
995 1729 1168 1791 καλείσθω

12 1791 106 1942 fast.
146 1823 523 1918 στενωποί

95 1958 127 2008 15
213 1932 255 2019 γ’.
285 1933 365 2001 Ἐὰν
391 1931 428 2000 δὲ
456 1933 621 2023 μηδετέρα
648 1935 835 2024 σύμμετρος
866 1927 887 2024 ή
920 1938 961 2024 τῇ
994 1935 1167 2025 ἐκκειμένῃ

147 2043 230 2129 ῥητῇ
255 2039 363 2126 μήκει,
386 2039 407 2126 ή
432 2037 469 2108 δὲ
494 2038 553 2128 ὅλη
577 2045 635 2128 τής
657 2040 955 2132 προσαρμοζούσης
976 2049 1090 2128 μεῖζον
1109 2044 1167 2111 ‹513-

147 2174 244 2234 νηται
267 2151 313 2238 τῷ
337 2144 402 2214 ἀπὸ
428 2150 620 2237 συμμέτρου
643 2150 760 2237 ἑαυτῇ,
790 2153 960 2216 καλείσθω
984 2146 1167 2245 ἄπει-τομή

12 2236 102 2379 Ros.
146 2260 265 2348 qffl.

215 2358 258 2426 θ’.
289 2358 413 2446 Πόλιν,
437 2359 496 2430 ἐὰν
519 2360 540 2449 ή
565 2359 626 2448 ὅλη
649 2366 708 2449 τῆς
730 2360 1030 2451 προσαρμοζούσης
1052 2367 1168 2449 μεῖζον

93 2490 128 2539 20
147 2464 289 2548 δύνηται
311 2469 357 2556 τῷ
382 2463 447 2535 ἀπὸ
476 2465 690 2555 ἀσυμμέτρου
716 2468 816 2557 ἕαυτή
841 2466 965 2554 [μήκει]
972 2518 982 2553 ,
1016 2466 1075 2536 ἐὰν
1104 2469 1168 2555 μέν

145 2568 166 2656 ή
186 2567 247 2656 ὅλη
267 2569 454 2661 σύμμετρος
472 2566 494 2662 ᾖ
513 2577 553 2662 τῇ
573 2573 744 2663 έκκειμένη
765 2577 847 2662 ῥητή
868 2573 975 2662 μήκει,
994 2581 1168 2644 καλείσθω

12 2659 115 2797 (ἕῆ
146 2675 324 2768 ἀποτομή
348 2704 524 2767 namn
836 2676 839 2681 ¹

12 2776 138 2900 ξένε,
214 2783 247 2852 ε’.
272 2782 351 2852 Ἐὰν
375 2784 412 2853 δέ
434 2783 455 2873 ή
474 2784 763 2873 προσαρμόζουσα,
786 2788 978 2885 Q„

12 2880 153 3018 §af-
214 2890 250 2959 ς’.
280 2890 359 2959 Ἐὰν
383 2892 421 2959 δέ
444 2894 619 2980 μηδετέρα,
640 2894 775 3002 ἑκτη-

219 3103 325 3174 1μόνη
344 3105 379 3160 V.
451 3101 643 3176 προσαρμόσει
662 3105 750 3160 BFV.
824 3113 848 3161 3.
868 3102 921 3178 τύ]
946 3123 1000 3162 om.
1019 3107 1052 3176 b,
1080 3103 1113 3162 τό
1133 3107 1164 3162 Ρ.

183 3174 360 3243 τετράγωνον
378 3177 409 3230 Ρ.
474 3175 546 3246 μέσα
566 3178 599 3231 V.
668 3184 693 3231 4.
713 3176 762 3231 καὶ
781 3174 835 3302 έτή]
857 3175 898 3232 ἔτι
916 3197 946 3232 τε
966 3176 1080 3232 BVVb.
1138 3184 1166 3235 5.

147 3245 207 3316 δίς]
228 3262 280 3300 om.
296 3248 322 3301 b.
396 3242 510 3319 αὐτῶν]
530 3263 598 3303 eras.
617 3246 649 3304 B.
722 3242 792 3317 ὅπερ
828 3251 872 3303 θει
890 3249 1001 3320 δεῖξαι]
1026 3266 1080 3304 om.
1101 3248 1166 3306 BV.

183 3322 206 3369 6.
227 3311 288 3384 ὅροι
307 3319 407 3390 τρίτοι]
427 3319 488 3385 PV,
507 3337 563 3388 mg.
582 3337 619 3372 m.
639 3324 654 3372 2
673 3318 705 3386 B,
726 3335 779 3375 0111.
800 3320 834 3385 F;
853 3317 902 3374 κε’
922 3319 950 3388 b,
970 3338 1026 3391 mg.
1045 3319 1165 3377 ΜΒ.

145 3404 274 3443 numeros
295 3405 348 3443 om.
368 3388 448 3445 codd.
523 3395 546 3443 7.
566 3385 597 3460 ἡ]
621 3405 675 3442 om.
695 3388 727 3443 B.
800 3395 825 3446 8.
845 3388 967 3445 δύναται
986 3411 1016 3460 φ,
1074 3387 1167 3461 ἀσυμ-

146 3459 250 3527 μέτρου
269 3459 331 3527 BV,
351 3461 400 3515 sed
419 3477 488 3548 ορατ.
548 3467 572 3514 9.
587 3456 623 3548 j]
644 3477 729 3544 sppra
748 3478 801 3515 scr.
820 3480 857 3518 m.
878 3468 892 3516 1
911 3463 939 3531 b,
959 3479 1012 3517 om.
1029 3462 1063 3517 V.
1121 3468 1166 3519 11.

148 3527 176 3582 εί
192 3531 225 3585 V.
301 3531 561 3600 mnata-13.
582 3532 684 3602 εαυτη]
704 3548 758 3585 om.
778 3533 831 3601 Fb,
851 3550 907 3602 mg.
927 3531 1051 3589 122ss.
1122 3539 1165 3590 12.
