2474 3908
107 129 175 195 248
496 132 699 185 Στουωιωω
717 127 744 186 ι’.

109 269 168 341 ἀπ’
190 271 304 340 αὐτῶν
321 271 512 360 τετράγωνα
531 271 599 358 ἅμα
618 273 732 361 ῥητόν,
750 270 788 340 τὸ
809 272 847 341 δέ
866 273 918 353 δὶς
937 269 992 340 ὑπ’
1015 272 1133 342 αὐτῶν

110 381 226 466 μέσον·
256 376 337 466 ὅπερ
361 383 429 448 ἔδει
452 381 566 460 δείξαι.

586 592 654 676 κγ’.

181 722 233 804 Τῇ
257 713 350 802 μετὰ
374 717 496 802 ῥητοῦ
519 717 642 802 μέσον
666 715 707 783 τό
737 714 834 784 ὅλον
863 715 1036 806 ποιούσῃ
1061 724 1133 804 μία

74 844 90 893 5
109 848 235 908 μονον
250 820 520 912 προσαρμόζει
534 819 675 890 εὐθεῖα
695 821 898 908 δυνάμει’
881 821 1135 956 ασόμμετρρς

110 920 208 996 οὖσα
232 933 276 1017 τῇ
302 926 388 1019 ὅλη,
410 925 505 1016 μετὰ
529 927 571 996 δέ
593 932 662 1014 τῆς
685 926 779 1058 ὅλης
801 933 975 997 ποιοῦσα
996 933 1036 998 τὸ
1058 931 1131 1017 μὲν
1191 989 1194 994 .

110 1039 374 1121 συγκείμενον
411 1038 452 1103 ἐκ
488 1038 567 1103 τοῖν
606 1032 667 1103 ἀπ’
702 1032 833 1104 αὐτῶν
870 1034 1134 1122 τετραγώνων

109 1141 248 1227 μέσον,
271 1139 313 1209 τὸ
338 1140 380 1208 δὲ
404 1141 465 1220 δὶς
487 1137 550 1208 ὑπ’
577 1139 707 1209 αὑτων
732 1141 862 1229 ῥητόν,

168 1245 277 1314 Ἔστω
300 1243 321 1333 ἡ
346 1244 426 1335 μετὰ
445 1249 550 1335 ῥητοῦ
568 1247 672 1334 μέσον
690 1245 727 1314 τὸ
748 1244 829 1315 ὅλον
848 1252 993 1315 ποιοῦσα
1011 1245 1032 1335 ἡ
1052 1256 1132 1333 AB,

58 1378 92 1427 10
110 1353 166 1420 καὶ
193 1357 233 1441 τῇ
262 1360 328 1421 AB
360 1353 614 1442 προσαρμοζέτω
647 1349 668 1438 ἡ
696 1359 770 1420 ΒΓ·
807 1356 846 1420 ac
871 1351 937 1442 άρα
964 1361 1043 1439 AF,
1065 1360 1130 1420 ΓΒ

111 1461 252 1547 δυνάμει
289 1459 375 1527 είσὶν
412 1456 617 1547 άσόμμετροι
647 1463 806 1527 ποιοῦσαι
836 1458 877 1527 τά
912 1465 1128 1547 προκείμενα·

110 1565 212 1651 λέγω,
250 1562 302 1633 ότι
333 1567 373 1654 τῇ
406 1571 472 1632 AB
505 1565 600 1652 ἑτέρα
633 1561 675 1631 οὐ
705 1565 935 1654 προσαρμόσει
967 1563 1008 1632 τά
1045 1563 1130 1633 αὑτά

110 1675 264 1739 ποιοῦσα.

179 1782 223 1845 Ec
240 1777 305 1867 γάρ
325 1775 483 1864 δυνατόν,
502 1777 758 1865 προσαρμοζέτω
776 1774 797 1864 ἡ
817 1784 901 1845 ΒΔ·
923 1778 978 1847 καὶ
998 1781 1035 1845 ac
1048 1788 1080 1847 A
1086 1787 1132 1865 A,

61 1908 93 1957 15
113 1889 180 1950 AB
210 1881 275 1968 άρα
304 1882 435 1953 εὐθεῖαι
465 1882 607 1970 δυνάμει
634 1884 721 1951 εἰσὶν
745 1879 950 1973 άσάμμετροι
973 1889 1135 1954 ποιοῦσαι

110 1991 151 2057 τὰ
171 1995 382 2077 προκείμενα.
416 1989 485 2057 έπεὶ
505 1981 578 2076 οὑν,
603 1980 631 2083 ᾧ
650 1987 802 2077 ὑπερέχει
821 1989 860 2058 τά
881 1987 946 2058 άπό
965 1994 1033 2059 των
1047 1999 1130 2076 ΑΛ,

110 2103 179 2164 ΔΒ
207 2101 276 2165 τῶν
300 2096 364 2166 άπὸ
397 2101 465 2166 τῶν
492 2104 572 2182 AF,
595 2102 673 2182 FB,
705 2097 813 2197 τοὺηω
837 2094 990 2184 ὑπερέχει
1013 2095 1131 2166 καὶτὸ

113 2203 165 2282 δὶς
196 2199 262 2272 ὑπὸ
291 2207 360 2272 τῶν
389 2210 475 2289 AA,
501 2209 568 2270 AB
600 2207 661 2271 τοῦ
695 2204 748 2283 δὶς
775 2200 842 2272 ὑπὸ
870 2207 938 2271 τῶν
965 2210 1046 2289 ΑΓ,
1069 2211 1131 2274 ΓΒ

112 2307 313 2388 ἀκολούθως
335 2321 405 2387 τοῖς
427 2308 493 2398 πρὸ
518 2307 639 2396 αὑτοῦ,
667 2308 705 2378 τὸ
730 2308 768 2377 δὲ
792 2309 844 2389 δὶς
865 2307 931 2378 ὑπὸ
959 2314 1028 2379 τῶν
1051 2320 1135 2400 ΑΔ,

62 2439 96 2489 νο
116 2423 183 2483 ΔΒ
206 2418 266 2481 τοὺ
291 2415 343 2493 δὶς
365 2411 430 2482 ὑπὸ
456 2420 525 2483 τῶν
547 2421 628 2501 ΑΓ,
652 2421 713 2484 ΓΒ
735 2411 889 2504 ὑπερέχει
912 2418 1015 2509 ῥητῷ·
1048 2416 1132 2505 ῥητά

114 2520 179 2609 γάρ
204 2521 296 2587 ἐστιν
319 2519 506 2610 άμςοότερα·
546 2522 665 2589 καὶτὰ
689 2518 754 2588 άπὸ
778 2524 846 2589 τῶν
871 2529 951 2608 ΑΛ,
976 2530 1043 2590 ΔΒ
1066 2523 1135 2612 άρα

113 2630 182 2694 τόν
210 2624 275 2694 άπὸ
308 2636 375 2695 τῶν
402 2633 484 2713 AF,
514 2633 575 2696 ΓΒ
606 2624 758 2716 ὑπερέχει
787 2630 889 2718 ῥητῷ·
932 2626 1012 2719 ὅπερ
1041 2631 1135 2700 ἐστὶν

112 2730 297 2803 άδύνατον·
322 2733 407 2822 με’σα
425 2734 490 2822 γάρ
509 2736 600 2801 ἐστιν
619 2731 800 2823 ἀμφότερα.
834 2733 896 2803 οὐκ
919 2734 983 2824 άρα
1006 2739 1046 2825 τῇ
1066 2745 1098 2804 A
1104 2744 1134 2804 Β

113 2840 210 2928 ἑτέρα
234 2839 463 2931 προσαρμόσει
492 2836 609 2908 εὑδεῖα
638 2839 779 2926 δυνάμει
808 2840 1016 2932 ἀσύμμετρος
1047 2834 1134 2910 οὖσα

190 3062 213 3110 1
233 3050 461 3140 τετράγωνονΡ,
470 3049 715 3142 τετραγώνωνὶί,
734 3053 811 3120 etF,
831 3070 900 3111 corr
919 3073 956 3112 m.
975 3060 1001 3110 2.
1065 3054 1137 3110 Post

119 3123 205 3196 ῥητόν
224 3124 289 3180 add.
309 3121 379 3196 μετά
398 3144 449 3193 της
459 3118 585 3210 όληςὶί.
654 3131 679 3178 2
686 3117 769 3210 ὅπερ
789 3123 850 3180 ἔδει
868 3127 929 3192 δεῐξ
914 3127 973 3198 ξαι]
994 3142 1085 3196 comp.
1101 3127 1133 3194 P,
1175 3172 1178 3177 .

118 3215 172 3253 om.
192 3194 306 3250 BFVb.
371 3202 395 3251 3.
415 3191 466 3249 πδ’
486 3195 517 3250 F
581 3201 606 3250 4.
626 3191 697 3265 μετά
716 3195 820 3251 τοῦν.
877 3197 944 3253 Post
963 3193 1049 3266 ῥητοῦ
1067 3197 1133 3255 add.

117 3269 223 3323 καίεο.
242 3265 307 3320 25
381 3271 407 3323 5.
427 3263 499 3336 μόνη
518 3265 552 3321 V.
619 3272 660 3321 10.
680 3266 779 3322 καί
746 3285 779 3356 τη
798 3265 862 3355 AB]
882 3285 936 3324 om.
955 3267 987 3325 Β
1050 3286 1134 3354 προσ-

119 3335 282 3407 αρμόζουσα
301 3337 364 3422 Vb,
389 3334 716 3408 προσαρμόζουσαδέΒ
722 3319 963 3428 ,άρμόζουσαΓ
1037 3345 1079 3395 11.
1098 3335 1135 3393 τά

118 3403 350 3494 προκείμενα]
323 3429 355 3464 το
358 3380 427 3478 μὲν
446 3409 631 3496 συγκείμενον
650 3404 738 3462 ἐπ’
702 3428 758 3462 των
776 3428 834 3463 απο
853 3430 909 3464 των
929 3415 995 3501 ΑΓ,
1014 3415 1065 3464 ΓΒ
1089 3429 1134 3465 τε·

118 3476 272 3550 τραγάνων
295 3478 395 3549 μέσον,
423 3475 455 3534 τό
480 3476 512 3534 δὲ
536 3475 616 3542 δὶς
603 3474 659 3533 νπό
683 3483 739 3534 τάν
762 3485 828 3549 AF,
848 3478 940 3535 FB
923 3477 1009 3552 ρητόν
1035 3481 1136 3537 Theon
