2474 3908
158 168 223 231 134
544 169 745 222 2T01xE152N
765 163 791 221 ι’.

221 317 266 380 Εί
283 310 346 398 γὰρ
367 309 527 395 δυνατόν,
548 308 723 398 διῃρήσθω
742 307 824 377 κατὰ
841 308 877 378 τὸ
898 316 942 394 Δ,
966 307 1050 378 ω’στε
1072 310 1175 379 πάλιν

157 417 315 504 δηλονότι
338 416 401 504 τήν
424 427 456 484 Α
464 421 496 483 Γ
513 422 552 505 τή
578 423 645 483 ΑΒ
669 415 713 503 μή
744 414 829 483 εἶναι
854 414 917 502 τήν
941 412 1065 501 αὐτήν,
1088 413 1175 485 ἄλλα

155 529 290 611 μείζονα
316 521 392 591 καθ’
424 521 593 591 ὑπόθεσιν
618 522 680 609 τήν
708 528 788 608 ΑΓ,
815 522 871 590 καὶ
899 523 1061 590 ἐκκείσθω
1091 522 1175 610 ῥητή

155 630 176 717 ή
202 638 274 717 ΕΖ,
298 632 353 698 καὶ
376 631 646 718 παραβεβλήσθω
670 630 758 717 παρὰ
782 629 844 716 τήν
860 637 919 696 ΕΖ
934 642 1004 708 τοῖς
1026 630 1089 717 μὲν
1109 628 1174 700 ἀπὸ

118 742 223 808 σιῶν
245 744 325 824 ΑΓ,
348 744 409 806 ΓΒ
434 745 509 805 ίσον
537 735 574 805 τὸ
596 744 679 822 ΕΗ,
710 741 755 829 τῷ
780 735 817 804 δὲ
842 736 893 815 δὶς
916 734 981 803 ὑπὸ
1007 741 1175 822 τῶνΑΓ,

155 849 217 912 ΓΒ
238 853 313 913 ίσον
332 844 369 912 τὸ
390 851 468 912 ΘΚ·
507 842 588 912 ὅλον
611 841 676 929 ἄρα
699 841 737 910 τὸ
758 849 826 909 ΕΚ
849 850 925 910 ίσον
949 843 1017 909 ἐστὶ
1040 849 1086 938 τῷ
1108 844 1173 917 ἀπὸ

153 954 212 1037 τῆς
240 958 304 1018 ΑΒ
332 954 534 1041 τετραγώνῳ.
579 949 680 1018 πάλιν
711 948 752 1035 δή
782 948 1052 1038 παραβεβλήσθω
1082 960 1175 1043 παρὰ

153 1055 216 1143 τήν
240 1065 302 1125 ΕΖ
325 1071 394 1138 τοῖς
417 1055 482 1125 ἀπὸ
507 1062 575 1125 τῶν
594 1064 676 1142 ΑΛ,
695 1062 762 1122 ΑΒ
783 1063 859 1124 ίσον
877 1052 915 1123 τὸ
934 1062 1026 1149 ΕΛ·4
1051 1062 1176 1132 λοιπὸν

153 1162 220 1252 ἄρα
249 1164 287 1233 τὸ
317 1166 369 1244 δὶς
395 1161 461 1232 ὑπὸ
490 1176 559 1232 τῶν
583 1173 668 1250 ΑΛ,
694 1170 760 1230 ΑΒ
789 1173 894 1256 λοιπῷ
922 1167 968 1255 τῷ
993 1173 1073 1234 MK
1097 1177 1175 1240 ἴσον

103 1292 136 1340 10
155 1273 254 1339 ἐστίν.
302 1272 357 1338 καὶ
387 1272 457 1339 ἐπεὶ
485 1273 588 1356 μέσον
616 1269 788 1340 ὑπόκειται
815 1269 853 1338 τὸ
887 1276 1109 1357 συγκείμενον
1140 1281 1175 1347 ἐκ

153 1382 221 1444 τῶν
249 1374 315 1444 ἀπὸ
343 1387 411 1445 τῶν
434 1382 509 1461 ΑΓ,
534 1383 606 1461 ΓΒ,
630 1378 733 1463 με’σον
762 1375 827 1463 ἄρα
856 1376 926 1444 ἐστὶ
953 1377 1069 1448 καὶτὸ
1094 1390 1174 1453 ΕΗ.

152 1484 208 1550 καὶ
231 1481 320 1568 παρὰ
343 1482 449 1570 ῥητήν
471 1482 533 1568 τήν
558 1490 619 1549 ΕΖ
642 1482 850 1566 παράκειται·
882 1483 964 1570 ῥητή
989 1483 1055 1573 ἄρα
1079 1489 1174 1560 ἐστὶν

153 1587 174 1676 ή
199 1597 263 1657 ΘΕ
283 1592 338 1656 καὶ
362 1588 571 1678 ἀσύμμετρος
594 1593 633 1678 τή
657 1596 719 1655 ΕΖ
743 1591 848 1676 μήκει.
886 1587 943 1657 διὰ
962 1589 1003 1658 τὰ
1024 1591 1110 1663 αὐτὰ
1130 1597 1173 1684 δή

153 1697 209 1763 καὶ
237 1693 257 1783 ή
286 1702 358 1763 ΘΝ
377 1694 459 1782 ῥητή
489 1698 558 1763 ἐστι
586 1696 643 1763 καὶ
670 1694 881 1785 ἀσύμμετρος
907 1700 948 1785 τῇ
976 1703 1039 1766 ΕΖ
1067 1704 1174 1789 μήκει.

102 1825 134 1872 15
153 1802 208 1869 καί
232 1804 300 1870 ἐπεὶ
323 1799 535 1890 ἀσύμμετρόν
559 1805 626 1871 ἐστι
649 1801 687 1871 τὸ
712 1810 930 1891 συγκείμενον
955 1806 991 1871 ἐκ
1013 1810 1082 1874 τῶν
1103 1806 1173 1878 ἀπὸ

153 1913 222 1977 τῶν
246 1915 321 1996 ΑΓ,
344 1916 405 1976 ΓΒ
428 1913 474 2002 τῷ
499 1910 551 1989 δὶς
578 1907 644 1978 ὑπὸ
669 1921 737 1978 τῶν
761 1917 836 1996 ΑΓ,
860 1916 937 1996 ΓΒ,
961 1912 1017 1979 καὶ
1040 1912 1077 1983 τὸ
1104 1923 1177 1985 ΕΗ

153 2014 220 2103 ἄρα
248 2026 293 2109 τῷ
321 2023 398 2084 ΗΝ
422 2015 634 2104 ἀσύμμετρόν
663 2019 766 2086 ἐστιν·
805 2015 888 2086 ὥστε
915 2019 971 2085 καί
999 2017 1020 2106 ή
1045 2028 1109 2089 ΕΘ
1132 2034 1173 2112 τῇ

154 2130 227 2190 ΘΝ
249 2122 460 2211 ἀσύμμετρός
482 2127 582 2192 ἐστιν.
629 2129 689 2190 καί
709 2128 773 2191 είσι
797 2127 906 2211 ῥηταί·
945 2128 983 2192 οιί
1003 2133 1079 2215 ΕΘ,
1104 2136 1179 2197 ΘΝ

153 2228 220 2318 ἄρα
243 2232 344 2318 ῥηταί
364 2235 428 2297 είσι
453 2230 595 2317 δυνάμει
618 2229 727 2317 μόνον
751 2231 947 2319 σύμμετροι·
978 2229 999 2318 ή
1019 2239 1092 2300 ΕΝ
1107 2232 1174 2323 ἄρα

101 2360 135 2408 1ο
155 2339 191 2404 ἐκ
215 2336 278 2405 δύο
303 2333 480 2423 ὀνομάτων
504 2338 572 2405 ἐστὶ
597 2338 781 2426 διῃρημένη
806 2341 888 2405 κατὰ
912 2336 950 2406 τὸ
975 2346 1012 2408 Θ.
1049 2336 1175 2426 ὁμοίως

154 2441 196 2530 δή
227 2443 390 2528 δείξομεν,
419 2439 470 2509 ὅτι
497 2445 553 2510 καὶ
580 2441 663 2511 κατὰ
689 2441 727 2512 τὸ
756 2450 801 2510 Μ
822 2443 985 2532 διήρηται.
1025 2447 1082 2514 καὶ
1112 2444 1175 2515 οὐκ

92 2542 95 2547 ’
154 2552 245 2615 ἔστιν
272 2544 380 2633 ήΕΘ
404 2551 443 2636 τή
468 2556 553 2616 ΜΝ
570 2547 590 2637 ή
616 2546 713 2636 αὐτή·
750 2547 771 2636 ή
800 2548 866 2639 ἄρα
894 2555 930 2619 ἐκ
958 2551 1021 2619 δύο
1050 2550 1174 2640 ὀνομοί·

153 2679 221 2721 των
245 2651 311 2720 κατ’
338 2652 419 2722 ἄλλο
443 2656 498 2722 καὶ
522 2654 603 2722 ἄλλο
627 2669 766 2742 σημεῖον
792 2655 959 2746 διήρηται·
979 2655 1061 2745 ὅπερ
1083 2660 1174 2727 ἐστίν

154 2759 289 2829 ἄτοπον.
323 2758 384 2829 οὐκ
407 2762 473 2846 ἄρα
496 2759 517 2848 ἡ
542 2762 604 2830 δύο
628 2765 712 2850 μέσα
736 2766 907 2851 δυναμένη
927 2762 994 2831 κατ’
1015 2762 1098 2833 ἄλλο
1118 2765 1174 2833 καὶ

100 2889 134 2938 25
154 2865 236 2935 ὅίίλο
261 2881 399 2955 σημεῖον
423 2872 612 2957 διαιρεῖται·
635 2865 710 2936 καθ’
733 2872 770 2937 ἓν
793 2869 860 2956 ἄρα
878 2869 986 2957 μόνον
1004 2876 1173 2958 [σημεῖον]

154 2978 339 3064 διαιρεῖται.

227 3104 250 3153 1.
271 3098 319 3153 καὶ
337 3096 410 3153 κατά
428 3100 462 3154 V.
535 3107 560 3157 3.
584 3101 690 3154 κείσθω
714 3099 744 3154 P.
818 3108 842 3156 6.
867 3100 939 3172 ΕΚ]
966 3120 1036 3158 corr.
1056 3117 1091 3157 ex
1117 3106 1175 3159 ΘΚ

155 3167 276 3223 ΜΡ.
342 3176 383 3225 10.
403 3166 464 3226 ἐστί
484 3170 551 3239 BV,
576 3187 666 3241 comp.
686 3169 739 3224 Fb.
814 3178 855 3226 13.
876 3173 943 3244 ΘΕ]
964 3175 1020 3228 ΕΘ
1038 3174 1069 3230 Ρ.
1133 3181 1173 3230 14.

156 3235 232 3295 ἐστιν
251 3240 282 3297 Ρ.
357 3237 633 3297 15.τό-16.τῶ
669 3242 699 3296 in
723 3258 776 3306 ras,
795 3243 917 3298 m.1F.
992 3250 1035 3300 16.
1058 3245 1116 3334 1551
1136 3247 1173 3300 τῶ

71 3326 76 3333 ·
155 3312 330 3386 συγκειμένῳ
350 3306 381 3366 ἐκ
400 3313 456 3365 τῶν
475 3313 537 3383 (τοῦ
557 3296 629 3382 M
668 3314 694 3367 b.
764 3314 819 3386 δίς]
835 3330 919 3403 συρτει
939 3332 990 3370 scr.
1009 3316 1040 3372 F.
1101 3301 1173 3460 vmq

83 3374 92 3391 '
155 3382 258 3438 intas.
278 3384 310 3439 F.
376 3383 439 3454 ΓΒ]
461 3380 526 3437 BF'
547 3383 576 3438 F.
636 3386 698 3439 EN
718 3383 745 3438 b.
808 3391 849 3440 17.
868 3387 937 3459 αρα]
958 3404 1012 3441 om.
1032 3386 1065 3443 V.
1122 3389 1161 3461 τῷ

156 3454 226 3509 mut.
245 3453 275 3509 in
292 3458 349 3508 ιω
368 3471 405 3507 m.
423 3459 440 3508 ι
459 3453 493 3510 V.
568 3455 654 3581 μνη
673 3457 732 3511 οιτ
752 3455 841 3522 Bm),
871 3460 929 3513 οι(
945 3452 1004 3527 ἄρα
1022 3457 1055 3514 v.
1132 3466 1173 3515 ω.

655 3570 660 3582 .
736 3526 807 3582 εἰσιν
825 3527 886 3584 ΡΒ.
961 3534 1002 3584 19.
1023 3527 1095 3585 εἰσιν
1114 3529 1174 3584 ΡΒ.

72 3500 244 3676 Νη]
264 3541 354 3596 comp.
372 3522 425 3594 Fb,
447 3521 505 3581 ἐστι
523 3525 610 3597 μήκει
