2474 3908
112 184 157 248 90
497 183 699 237 ΣΤοΙΧΕσεα
718 182 745 237 ι’.

110 325 249 394 κύκλιον
272 328 310 394 τὸ
334 332 443 410 ΑΖΒ,
466 325 523 392 καὶ
547 322 743 412 πεποιήσθω
768 322 812 404 ὡς
836 321 854 392 ὁ
874 329 947 391 ΔΓ
965 346 1049 412 προς
1069 350 1131 393 τον

111 439 190 519 ΓΒ,
218 429 325 511 οὕτως
351 434 389 499 τδ
418 427 483 501 άτιο
511 435 573 518 τῆς
601 438 669 500 ΒΛ
695 433 779 519 πρὸς
804 433 843 499 τδ
872 429 937 498 άιιδ
965 433 1023 517 τῆς
1052 438 1130 516 ΑΖ,

112 538 168 606 καὶ
191 538 379 626 ἐπεζεύχθω
403 535 424 624 ἡ
448 544 518 607 ΖΒ.

150 642 290 732 Ὁμοίως
309 646 351 731 δὴ
372 643 524 731 δείξομεν
541 647 588 735 τῷ
607 647 672 731 πρὸ
686 643 825 739 μούνου,
845 642 897 710 ὅτι
914 647 951 711 αδ
966 649 1044 728 BA,
1064 653 1096 711 Α
1102 651 1130 711 Ζ

78 753 212 840 ορηταί
233 756 297 819 εἰσι
322 753 464 838 δυνάμει
486 750 595 838 μόνον
618 749 809 839 σύμμετροι.
857 749 914 817 καὶ
938 752 1011 817 ἐπεί
1037 750 1130 818 ἐστιν

113 856 157 938 ὡς
181 857 199 926 ὁ
223 863 294 925 ΛΓ
312 860 396 945 πρὸς
417 859 478 926 τὸν
500 862 574 943 ΓΕ,
598 854 706 938 οὕτως
722 859 761 925 τὸ
784 854 850 926 άπὸ
874 859 932 942 τῆς
955 862 1022 923 BA
1044 860 1131 944 πρὸς

111 968 149 1034 τδ
177 962 243 1033 άπὸ
271 967 329 1051 τῆς
357 971 437 1049 ΑΖ,
453 961 713 1051 ’ἀναστρέψαντι
741 961 807 1052 άρα
835 961 880 1044 ὡς
907 960 925 1031 ὁ
949 969 1016 1030 ΓΛ
1044 967 1131 1051 πρὸς

109 1097 170 1140 τον
188 1078 268 1156 ΔΕ,
292 1069 400 1150 οὕτως
421 1071 459 1137 τὸ
482 1068 548 1138 άνιδ
571 1073 631 1156 τῆς
648 1077 715 1138 ΑΒ
734 1072 817 1157 πρὸς
836 1096 873 1138 το
893 1065 957 1137 ιάιὸ
976 1072 1035 1155 τῆς
1056 1077 1129 1138 ΒΖ.

111 1179 129 1246 δ
153 1177 191 1246 δὲ
213 1184 281 1246 ΓΔ
302 1201 386 1264 προς
412 1201 473 1244 τον
494 1183 566 1244 ΔΕ
586 1174 690 1263 λόγου
714 1173 776 1244 οὐκ
799 1179 877 1263 ἔχει,
900 1170 942 1242 δν
964 1175 1130 1263 τετράγυ-

75 1306 170 1364 ουος
192 1281 339 1371 ἀριθμὸς
360 1284 444 1370 πρὸς
466 1280 677 1369 τετράγωνον
700 1278 863 1369 άρνδμόν·
901 1279 973 1348 οὐδ
998 1278 1065 1370 άρα
1088 1308 1128 1351 το

109 1387 174 1457 άπὸ
206 1398 265 1474 τῆς
291 1395 357 1455 ΑΒ
380 1389 464 1475 πρὸς
494 1389 531 1455 τὸ
564 1383 632 1456 άπὸ
663 1390 722 1473 τῆς
748 1392 812 1454 ΒΖ
838 1385 941 1472 λόγον
970 1392 1051 1474 ἔχει,
1081 1391 1128 1458 δν

108 1496 314 1583 τετράγωνος
337 1492 483 1583 ἀριθμὸς
500 1495 583 1582 πρὸς
600 1493 812 1581 τετράγωνον
831 1491 993 1581 άρνδμόν·
1023 1491 1128 1582 άσύμ-

108 1627 227 1690 μετρος
251 1597 318 1689 άρα
340 1600 432 1680 ἐστὶν
454 1596 475 1686 ἡ
498 1607 565 1668 ΑΒ
588 1603 628 1688 τῇ
656 1606 719 1667 ΒΖ
747 1598 853 1686 μήκει.
896 1599 953 1667 καὶ
986 1599 1129 1670 δύναται

107 1706 129 1795 ἡ
157 1715 222 1776 ΑΒ
250 1711 309 1794 τῆς
336 1714 401 1775 ΑΖ
428 1712 541 1794 μεῖζον
567 1709 614 1799 τῷ
641 1704 708 1775 άτιδ
736 1709 795 1794 τῆς
822 1713 884 1775 ΖΒ
911 1702 1127 1797 ἀσυμμέτρου

74 1815 219 1903 οὲαυτῇ.

173 1925 223 1989 Ac
242 1928 318 2007 ΑΒ,
341 1928 407 1989 ΑΖ
434 1921 500 2009 άρα
526 1923 629 2008 ῥηταί
647 1924 713 1989 εἰσι
740 1919 884 2008 δυνάμει
911 1919 1018 2009 μόνον
1042 1919 1127 2006 σάμ-

108 2053 231 2116 μετροι,
254 2027 311 2095 ναὶ
328 2024 350 2114 ἡ
369 2034 436 2095 ΑΒ
454 2036 513 2113 τῆς
529 2035 562 2095 Α
568 2035 595 2094 Ζ
612 2033 727 2115 μεῖζον
745 2024 888 2095 δύναται
910 2036 956 2120 τῷ
976 2024 1042 2095 άτδ
1062 2030 1126 2114 τῆς

108 2140 169 2201 ΖΒ
193 2130 407 2221 ἀσυμμέτρου
430 2134 530 2222 ἑαυτῇ
554 2135 664 2220 μήκει·
688 2131 768 2221 ὅπερ
792 2137 860 2201 ἔδει
883 2135 998 2215 δεῖξαι.

583 2344 644 2414 λα’.

72 2494 89 2543 0
173 2465 322 2557 Εὑρεῖν
355 2467 427 2536 δύο
463 2469 585 2556 μέσας
617 2464 785 2557 δυνάμει
817 2470 944 2558 μόνον
977 2472 1125 2557 συμμέ-

106 2598 223 2658 τρους
255 2574 375 2661 ῥητὸν
409 2577 685 2663 περιεχούσας,
723 2573 821 2644 ὥστε
854 2601 926 2662 την
963 2582 1126 2663 μείζονα

106 2682 172 2766 τῆς
200 2679 417 2761 ἐλάσσονος
448 2687 583 2766 μεῖζον
614 2681 817 2750 δύνασθαι
848 2679 1002 2779 τῷαάιιδ
1030 2702 1126 2770 συμ-

107 2788 251 2875 μέτρου
275 2774 395 2877 ἕαυτῇ
418 2785 542 2874 μήκει.

169 2889 417 2963 Ἐκκείσθωσαν
440 2895 503 2962 δύο
527 2895 624 2982 ῥηταὶ
645 2895 786 2983 δυνάμει
810 2894 918 2982 μόνον
939 2895 1125 2983 σύμμετροι

72 3005 146 3073 σαί
164 3012 207 3087 Α,
234 3008 278 3086 Β,
307 2999 391 3071 ὥστε
418 3004 480 3087 τὴν
509 3010 542 3068 A
564 3007 698 3088 μείζονα
722 2994 829 3070 οὖσαν
856 3005 914 3089 τῆς
942 3001 1126 3084 ἐλάσσονος

105 3110 164 3193 τῆς
178 3115 206 3174 Β
221 3114 333 3193 μεῖζον
349 3106 521 3176 δύνάσδαι
538 3112 585 3201 τῷ
605 3107 670 3177 άτιο
688 3110 877 3197 συμμέτρου
896 3110 997 3199 ἑαυτῇ
1017 3108 1125 3197 μήκει.

179 3324 203 3373 1.
222 3319 359 3375 Ροελιιιαί
374 3319 429 3374 del.
444 3315 563 3391 ἔτεζεάχ
563 3323 609 3378 λλον
627 3318 1121 3394 ον.1Ρ.ΓΔΡ.τὸν]ουι

105 3389 161 3444 Fb.
221 3389 447 3476 2BA]ecorr
466 3409 504 3446 m.
522 3341 591 3448 2Z.V
647 3392 741 3447 BZb.
797 3392 941 3448 3.sz
1002 3399 1027 3449 4
1048 3390 1123 3461 δελ)

107 3478 177 3516 corr
197 3479 234 3517 m
254 3467 279 3516 1
334 3455 371 3524 ὡς
390 3456 422 3516 ἐν
440 3482 478 3535 τῳ
464 3460 594 3517 ‘Theon
612 3462 748 3533 (BFVb).
803 3463 866 3536 ΒΑ]
885 3481 901 3519 ο
920 3480 990 3520 corr.
1008 3481 1046 3520 m.
1061 3463 1122 3521 2V.

141 3538 165 3589 ὅ.
186 3530 305 3588 ελσινΒ.
379 3538 402 3587 6.
422 3516 560 3605 τόν]οω.
578 3535 638 3592 BF.
710 3539 735 3589 7.
756 3535 824 3607 ΓΔ]
844 3534 945 3593 ΔΓΒ.
1007 3542 1033 3592 9.
1054 3534 1122 3607 ΓΔ]
