2474 3908
86 144 152 208 410
460 138 473 167 ⁸
500 144 689 197 APPENDIK

87 285 274 374 ἐπειδήπερ,
289 285 350 353 ἐὰν
363 285 515 369 περισσοὶ
531 283 671 372 ἀριθμοὶ
683 283 866 352 ὁποσοιοῦν
881 286 1109 369 συντεθῶσιν,
1222 366 1225 373 ι

85 393 123 462 τὸ
140 393 177 461 δὲ
192 397 323 480 πλῆθος
336 390 448 461 αὐτῶν
463 390 624 478 περισσὸν
640 383 672 480 ᾖ,
697 389 714 459 6
735 389 813 470 ὅλος
826 388 984 477 περισσός
999 390 1106 456 ἐστιν·

87 497 104 566 6
131 507 194 567 ΕΖ
217 498 282 585 ἄρα
305 498 420 588 ἄρτιός
444 501 543 567 ἐστιν.
587 497 764 585 τετμήσθω
793 501 869 584 δίχα
896 493 979 564 κατὰ
1004 492 1042 564 τὸ
1069 503 1107 564 Θ.

85 605 140 672 καὶ
160 606 228 673 ἐπεὶ
249 609 284 673 ολ
302 613 375 690 ΕΖ,
395 611 434 672 Η
447 605 618 691 ἐλάχιστοί
634 609 697 673 εἰσι
717 614 785 672 τῶν
803 602 863 673 τὸν
878 601 984 670 αὐτὸν
998 601 1107 688 λόγου

50 710 230 798 τέχόντων
256 709 412 798 [αὐτοῖς],
444 716 570 801 πρῶτοι
598 709 683 801 πρὸς
710 708 875 797 ἀλλήλους
902 714 999 778 εἰσίν.
1048 710 1107 777 καὶ
1227 804 1229 809 Ι

86 814 191 886 ὁΕΖ
219 817 346 907 ἄρτιος·
382 817 539 907 περισσὸς
567 816 633 906 ἄρα
661 818 751 887 ἐστὶν
780 813 798 885 6
823 824 865 884 H.
911 820 943 884 εἰ
968 812 1034 904 γὰρ
1060 807 1106 902 ἦν
1227 878 1230 905 ,

87 923 214 1010 ἄρτιος,
246 926 325 1006 τοὺς
353 933 431 1012 ΕΖ,
454 933 494 992 Η
518 924 601 1005 δυὰς
629 925 767 1012 ἐμέτρει·
805 927 871 1003 πᾶς
897 926 962 1010 γὰρ
988 920 1106 1009 α’ρτιος
1226 910 1230 971 ἶ

86 1036 151 1116 ἔχει
170 1034 269 1118 μέρος
287 1030 403 1119 ήμιου·
432 1031 584 1119 πρώτους
604 1028 703 1110 ὄντας
721 1033 804 1118 πρὸς
818 1026 996 1116 ἀλλήλους·
1021 1026 1105 1117 ὅπερ

85 1138 176 1205 ἐστὶν
200 1136 380 1207 ἀδύνατον.
410 1136 472 1206 οὐκ
495 1136 562 1226 ἄρα
581 1135 695 1222 ἄρτιός
718 1139 809 1204 ἐστιν
833 1132 851 1203 ὁ
874 1142 921 1203 Η·
945 1135 1106 1223 περισσὸς

34 1271 66 1321 10
85 1241 159 1328 ἄρα.
196 1245 251 1311 καὶ
275 1246 344 1313 ἐπεὶ
369 1243 543 1324 διπλάσιος
567 1241 585 1311 6
606 1250 669 1310 ΕΖ
686 1253 748 1310 τοῦ
768 1249 841 1330 ΕΘ,
863 1240 1106 1330 τετραπλάσιος
1226 1272 1229 1337 5

85 1347 151 1437 ἄρα
175 1348 193 1416 6
213 1349 278 1418 ιἰπὸ
297 1358 361 1418 ΕΖ
383 1354 444 1418 τοῦ
463 1349 528 1418 ἀπὸ
549 1357 620 1418 ΕΘ.
649 1349 823 1429 διπλάσιος
846 1348 884 1417 δὲ
908 1347 926 1416 6
951 1347 1016 1416 ἀπὸ
1041 1353 1105 1417 τοῦ

87 1462 149 1521 ΕΖ
172 1459 233 1523 τοῦ
252 1453 317 1523 ἀπὸ
338 1461 400 1524 τοῦ
413 1464 459 1523 H·
484 1456 659 1536 διπλάσιος
682 1453 749 1542 ἄρα
772 1452 791 1523 6
815 1452 880 1523 ἀπὸ
903 1458 964 1523 τοῦ
983 1460 1024 1521 Η
1041 1458 1105 1523 τοῦ

85 1559 150 1628 ἀπὸ
176 1568 250 1627 ΕΘ·
274 1560 387 1649 ἄρτιος
409 1562 475 1648 ἄρα
499 1563 589 1629 ἐστὶν
613 1561 631 1629 6
655 1559 720 1629 ἀπὸ
744 1572 806 1629 τοῦ
828 1567 872 1631 Η.
900 1559 1015 1649 ἄρτιος
1035 1559 1104 1648 ἄρα

86 1665 141 1734 διὰ
165 1665 204 1733 τὰ
228 1668 385 1755 εἰρημένα
409 1665 427 1734 6
451 1675 499 1734 Η·
531 1665 616 1735 ιἰλλδι
637 1668 694 1734 καὶ
713 1666 883 1755 περισσός·
907 1665 989 1752 ὅπερ
1009 1667 1103 1735 ἐστὶν

34 1802 66 1851 15
85 1773 265 1843 ἀδύνατον.
312 1771 374 1841 οὐκ
402 1771 466 1861 ἄρα
494 1773 678 1863 σύμμετρός
707 1776 799 1842 ἐστιν
825 1771 846 1860 6
876 1779 937 1842 ΓΑ
962 1777 1003 1863 τῇ
1035 1781 1102 1842 ΑΒ

85 1880 193 1967 μήκει·
223 1879 303 1967 ὅπερ
328 1885 395 1949 ἔδει
420 1882 533 1962 δεῖξαι.

512 2092 665 2172 Ἄλλως.

153 2219 329 2302 [Δεικτέον
350 2219 405 2284 καὶ
430 2218 560 2306 ἑτέρως,
584 2215 635 2285 ὅτι
658 2215 869 2304 ἀσύμμετρός
889 2219 979 2287 ἐστιν
998 2214 1019 2306 6
1038 2225 1104 2288 τοῦ

85 2325 296 2412 τετραγώνου
321 2323 496 2413 διάμετρος
519 2327 558 2412 τή
582 2327 734 2411 πλευρᾷ].

32 2458 66 2506 οο
143 2430 251 2499 Ἔστω
280 2430 356 2499 ιἰυτὶ
383 2432 445 2517 μὲν
472 2435 531 2518 τής
558 2430 738 2517 διαμέτρου
761 2427 782 2516 6
807 2439 854 2518 A,
882 2431 958 2500 ἀντὶ
982 2431 1020 2500 δέ
1042 2436 1105 2520 τής

85 2543 229 2625 πλευρᾶς
251 2534 272 2624 ή
296 2545 336 2604 Β·
364 2538 460 2623 λέγω,
485 2535 536 2604 ὅτι
559 2535 768 2624 ἀσύμμετρός
791 2539 883 2606 έστιν
905 2524 927 2626 6
952 2547 984 2606 Α
1007 2542 1048 2629 τῇ
1074 2547 1103 2608 Β

85 2644 190 2731 μήκει.
218 2647 249 2711 εἰ
261 2644 326 2730 γὰρ
342 2642 499 2728 δυνατόν,
519 2648 601 2711 ἔστω
617 2648 827 2731 [σύμμετρος
850 2645 907 2712 καὶ
920 2647 1103 2732 γεγονέτω]

84 2750 187 2819 πάλιν
211 2753 256 2830 ΐος
279 2747 298 2836 6
315 2759 346 2816 A
369 2746 452 2837 πρὸς
469 2748 531 2836 τήν
546 2756 584 2836 Β,
608 2748 714 2830 οὕτως
733 2747 750 2818 6
767 2757 829 2817 ΕΖ
853 2749 998 2839 ἀριθμὸς
1016 2750 1105 2842 πρὸς

83 2856 144 2926 τὸν
168 2864 215 2945 Η,
242 2857 297 2924 καὶ
321 2861 470 2925 ἔστωσαν
499 2855 666 2944 ἐλάχιστοι
693 2859 761 2924 τῶν
782 2855 842 2925 τὸυ
866 2855 970 2925 αὐτὸν
994 2859 1103 2944 λόγου

32 2989 67 3039 25
86 2963 232 3052 ἐχόντων
251 2962 365 3044 αὐτοῖς
384 2967 419 3032 ολ
435 2970 509 3050 ΕΖ,
528 2971 574 3030 Η·
599 2967 634 3031 οί
651 2969 723 3048 ΕΖ,
742 2970 782 3029 Η
795 2961 862 3049 ἄρα
875 2967 1002 3052 πρῶτοι
1016 2965 1104 3053 πρὸς

158 3218 182 3267 1.
203 3214 361 3268 συντεθῶσι
379 3212 468 3268 PFV.
528 3218 553 3265 2.
573 3207 602 3283 6]
622 3228 676 3267 om.
696 3211 728 3281 B,
747 3211 797 3267 καὶ
815 3208 830 3266 6
850 3211 911 3268 FV.
966 3218 991 3267 3.
1013 3208 1103 3284 ἐστιν]

87 3300 176 3353 comp.
196 3284 249 3351 Pb,
270 3281 327 3340 ἐστι
345 3285 434 3339 PBV.
500 3284 536 3354 Θ]
557 3300 572 3338 e
591 3299 661 3338 corr.
680 3283 710 3339 B.
785 3289 810 3338 4.
831 3287 862 3337 H
877 3277 1002 3353 ἀριθμοί
1017 3282 1103 3343 BFb.

122 3360 145 3409 ὅ.
167 3349 275 3425 αὐτοῖς]
295 3372 348 3409 om.
368 3355 398 3408 P.
472 3353 529 3409 εἰσί
543 3352 634 3422 PVb,
658 3370 747 3425 comp.
767 3352 796 3409 F.
870 3354 935 3426 καί]
956 3356 1010 3408 καί
1025 3351 1105 3413 ἔστιν

86 3425 169 3480 BFb.
243 3433 266 3479 7.
287 3431 386 3495 μετρεῖ
399 3424 430 3493 F,
449 3441 517 3480 corr.
537 3443 574 3479 m.
593 3431 623 3491 23
647 3419 684 3479 δν
703 3421 812 3496 ἐμέτρει
831 3425 902 3480 beno
921 3425 983 3480 edd.
1060 3434 1117 3484 10.·

87 3495 244 3568 διπλάσιος]
264 3491 411 3557 διπλάσιός
426 3492 501 3551 ἔστιν
519 3494 549 3566 F,
570 3498 723 3551 διπλασίων
744 3492 820 3551 ἐστίν
837 3494 893 3551 Bb.
968 3501 1010 3553 11.
1029 3492 1104 3573 ιἰπδ]
