2474 3908
349 167 625 220 ELEMENTORUM
642 167 751 217 LIBER
769 168 802 220 X.
1067 165 1087 228 9

71 316 146 397 ΓΖ,
171 315 232 376 ΓΖ
260 314 368 377 autem
391 314 465 375 BH
488 311 624 374 metiens
653 331 687 374 sc
715 310 786 393 ipsa
814 309 972 373 minorem
995 309 1089 373 relin-

72 423 153 504 quat
167 423 247 502 AH,
267 421 300 482 et
317 417 380 482 hoc
400 438 527 501 semper
543 417 612 500 fiat,
632 417 732 481 donec
751 417 952 501 relinquatur
967 416 1089 500 magni-

73 520 151 590 tudo
167 524 273 588 minor
287 523 510 608 magnitudine
526 529 564 589 Ε.
586 524 646 588 fiat
661 526 694 587 et
707 523 909 606 relinquatur
922 528 954 586 A
960 526 999 586 H
1007 534 1041 595 <
1051 527 1089 588 E.
1091 487 1221 627 βψ

77 633 144 697 iam
174 630 328 716 quoniam
361 635 393 694 E
422 590 677 714 magnilirdinem
702 634 768 693 AB
796 630 931 694 metitur
961 633 994 693 et
1022 634 1088 693 AB
1128 629 1193 685 aa

74 737 332 823 magnitudinem
348 741 381 800 A
386 740 422 820 Z,
440 736 537 800 etiarn
554 740 584 800 E
597 734 851 820 magnitudinem
867 739 934 798 ΖΔ
948 736 1088 800 metitur.
1109 680 1221 781 Μ

72 866 186 909 uerum
216 843 317 910 etiam
346 845 452 908 totam
480 844 548 906 ΓΛ
576 843 716 906 metitur.
753 842 864 926 itaque
892 842 990 906 etiam
1018 842 1090 906 reli·
1122 783 1221 910 ἂν

77 974 174 1036 quam
208 949 466 1035 magnitudinem
495 951 560 1013 ΓΖ
583 949 744 1013 metietur.
787 947 843 1012 sed
870 950 932 1011 ΓΖ
964 949 1089 1032 magni-

35 1126 38 1131 ⁴
75 1058 220 1121 tudinem
246 1060 321 1121 ΒΗ
344 1055 487 1120 metitur.
529 1076 628 1138 quare
652 1055 751 1119 etiam
774 1058 806 1118 E
832 1055 1089 1138 magnitudinem

76 1167 148 1227 ΒΗ
167 1162 310 1227 metitur.
343 1183 455 1226 uerum
479 1161 577 1225 ctiam
600 1164 704 1225 totam
728 1166 793 1226 AB
816 1161 958 1225 metitur.
991 1182 1089 1245 quare

74 1269 173 1334 etiam
203 1269 360 1352 reliquam
388 1272 422 1331 A
427 1271 466 1331 H
489 1267 655 1350 metietur,
684 1267 789 1331 maior
811 1266 982 1350 minorem3
1005 1266 1090 1351 quod

72 1375 142 1438 fieri
165 1396 231 1439 non
254 1378 373 1458 potest.
407 1375 518 1458 itaque
543 1373 784 1457 magnitudines
808 1379 887 1455 AB,
911 1375 976 1437 ΓΔ
999 1373 1089 1437 nulla

72 1480 264 1566 magnitudo
288 1480 448 1546 metietur.
486 1501 563 1565 crgo
587 1479 827 1564 magnitudines
851 1485 930 1558 ΑΒ,
954 1483 1020 1544 ΓΛ
1042 1480 1088 1543 in-

72 1587 380 1651 commensurabiles
405 1589 499 1651 erunt
523 1585 598 1666 [def.
623 1587 666 1667 1].

140 1692 228 1776 Ergo
263 1693 291 1756 si
323 1714 361 1756 ex
395 1692 519 1756 duabus
543 1690 827 1775 'magnitudinibus
855 1682 1089 1776 inaequalibus,

74 1803 108 1863 et
131 1820 212 1882 quae
237 1801 425 1883 sequuntur.

551 1991 610 2058 ΙΠ.

141 2115 236 2180 Datis
270 2115 396 2181 duabus
428 2115 708 2200 magnitudinibus
743 2119 1089 2184 commensurabilibus

74 2222 250 2288 maximam
275 2243 386 2286 earum
410 2243 596 2286 mensuram
621 2242 825 2285 communem
849 2222 1002 2290 inuenire.

143 2327 215 2394 Sint
230 2329 312 2394 duae
333 2329 573 2412 magnitudines
589 2327 683 2392 datae
699 2329 1003 2396 commensurabiles
1015 2336 1089 2416 AB,

73 2437 155 2518 ΓΔ,
184 2457 320 2518 quarum
348 2436 455 2499 minor
482 2436 525 2499 sit
548 2438 623 2499 ΑΒ.
653 2438 783 2519 oportet
805 2436 907 2519 igitur
929 2439 1090 2522 magnitu-

73 2540 183 2605 dinum
208 2546 281 2624 AB,
311 2543 375 2604 ΓΔ
405 2542 580 2605 maximam
607 2563 791 2606 mensuram
818 2563 1020 2608 communem
1044 2545 1090 2608 in·

71 2649 192 2712 uenire.
856 2658 859 2663 “

140 2752 226 2818 Nam
246 2752 437 2838 magnitudo
452 2757 518 2818 AB
533 2753 791 2838 magnitudinem
806 2756 868 2818 ΓΔ
884 2758 941 2819 aut
958 2758 1089 2821 metitur

72 2863 131 2925 aut
153 2881 220 2924 non
243 2859 386 2926 metitur.
421 2858 486 2923 iam
512 2860 539 2924 si
562 2860 704 2943 metitur,
728 2863 761 2924 et
781 2859 938 2944 seipsam
963 2884 1089 2946 quoque

72 3125 161 3176 μετρα
181 3105 289 3175 μεγέθη
309 3105 343 3161 V.
409 3110 450 3159 18.
472 3101 586 3160 ἔλαττον
605 3104 635 3161 F.
700 3110 742 3160 20.
763 3104 898 3198 μέγεθος]
919 3124 972 3161 om.
992 3106 1090 3162 Theon

72 3175 210 3246 (BFVb).
283 3171 347 3244 ἤτοι
385 3194 422 3230 m.
441 3192 494 3230 rec.
514 3174 543 3229 P.
618 3181 661 3231 21.
680 3176 749 3230 Post
772 3197 824 3232 ccv
848 3177 912 3231 add.
932 3174 963 3231 τὸ
984 3183 1033 3232 AB
1056 3175 1088 3233 τὸ

70 3252 128 3302 ΓΔ
147 3247 179 3301 V.
253 3253 351 3317 μετρεῖ
383 3246 479 3317 (prius)
500 3264 584 3316 supra
601 3266 638 3302 m.
660 3253 673 3301 1
694 3246 725 3302 Β.
786 3243 858 3303 αὑτό
877 3249 908 3318 Β,
928 3266 996 3305 corr.
1011 3268 1047 3303 m.
1064 3255 1088 3303 2.

106 3323 164 3372 τῶν
182 3323 240 3387 ΑΒ,
261 3318 323 3389 ΓΔ]
343 3335 396 3373 om.
416 3318 449 3374 V.
