2474 3908
151 164 217 228 324
537 165 738 218 Σεοιιαιιιεα
757 164 784 220 ι’.

151 313 233 391 ΑΗ,
257 312 325 373 ΗΒ
349 302 479 373 εὐθεῖαι
503 303 646 392 δυνάμει
670 306 756 383 εἰσὶν
780 304 983 394 ἀσύμμετροι
1007 311 1175 376 ποιοῦσαι

150 413 189 482 τὸ
218 412 280 500 μὲν
310 416 528 497 συγκείμενον
556 414 592 479 ἐκ
619 416 687 480 τῶν
720 409 776 480 ἄπ’
803 412 916 480 αὐτῶν
947 412 1175 501 τετραγώνων

152 520 266 606 μέσον,
289 521 326 586 τὸ
352 515 390 585 δὲ
413 517 466 596 ἃλς
487 515 545 584 ὑπ’
572 516 685 586 αὐτῶν
709 517 821 605 ῥητόν.
866 519 990 609 καὶτῷ
1015 517 1079 605 μὲν
1103 518 1174 588 άπὸ

152 629 210 710 τῆς
232 631 308 691 ΑΗ
331 631 407 691 λ’σον
435 621 524 710 παρὰ
552 623 614 710 τὴν
642 630 709 691 ΓΔ
735 624 1003 711 παραβεβλήσθω
1030 623 1071 693 τὸ
1100 632 1174 714 ΓΘ,

119 734 197 822 οτῷ
226 729 263 797 δὲ
291 726 357 797 άπὸ
385 733 445 815 τῆς
466 736 535 796 ΗΒ
564 739 640 798 ἴσον
662 729 701 798 τὸ
724 737 806 797 ΚΛ·
847 728 929 798 ὅλον
952 731 1017 819 ἄρα
1041 729 1081 799 τὸ
1105 739 1174 800 ΓΛ

153 846 229 905 ἴσον
253 836 321 903 ἐστὶ
343 849 413 915 τοῖς
435 832 500 903 άπὸ
524 840 593 904 τῶν
613 843 692 923 ΑΗ,
710 843 789 908 ΗΒ.
824 834 863 905 τὸ
887 837 924 905 δὲ
947 844 1174 925 συγκείμενον

152 944 188 1010 ἐκ
216 947 284 1011 τῶν
312 938 376 1009 άπὸ
405 945 473 1008 τῶν
496 949 582 1029 ΑΗ,
604 949 671 1009 ΗΒ
700 941 768 1028 ἅμα
791 945 895 1031 μέσον
919 946 1021 1011 ἐστίν·
1065 946 1174 1032 μέσον

154 1047 220 1136 ἄρα
244 1047 312 1116 ἐστὶ
335 1045 373 1114 τὸ
392 1052 460 1114 ΓΛ.
488 1047 545 1114 καλ
567 1046 656 1135 παρὰ
680 1046 785 1136 ῥητὴν
807 1047 870 1135 τὴν
888 1055 950 1117 ΓΔ
972 1051 1173 1136 παράκειται

152 1152 276 1233 πλάτος
303 1158 426 1221 ποιοῦν
454 1151 517 1240 τήν
540 1160 626 1222 ΓΜ·
663 1153 746 1242 ῥητή
771 1152 836 1242 ἅμα
859 1155 950 1223 ἐστὶν
972 1152 993 1240 ἡ
1016 1161 1097 1224 ΓΜ
1114 1158 1175 1225 καὶ

103 1283 135 1332 10
154 1259 364 1347 ἀσύμμετρος
387 1263 426 1348 τῇ
450 1266 526 1328 ΓΔ.
570 1261 626 1327 καὶ
650 1261 719 1329 ἐπεὶ
743 1259 824 1329 ὅλον
846 1259 884 1329 τό
907 1267 971 1329 ΓΛ
999 1269 1077 1330 ἴσον
1101 1264 1173 1332 ἐστὶ

152 1381 222 1447 τοῖς
246 1364 312 1434 άπό
336 1370 403 1433 τῶν
423 1373 506 1451 ΑΗ,
525 1372 606 1451 ΗΒ,
630 1357 679 1434 &v
701 1366 739 1434 τὸ
759 1373 825 1435 ΓΕ
845 1376 921 1435 ἴσον
945 1367 1013 1435 ἐστὶ
1036 1371 1084 1460 τῷ
1104 1365 1171 1438 άπὸ

152 1477 210 1559 τής
239 1479 319 1557 ΑΒ,
352 1472 473 1540 λοιπὸν
500 1471 567 1556 άοα
594 1469 632 1539 τὸ
656 1478 720 1538 ΖΛ
737 1474 825 1542 ’ἴσον
854 1473 922 1542 ἐστὶ
949 1478 995 1565 τῷ
1024 1475 1079 1554 δὶς
1101 1472 1170 1543 ὑπὸ

153 1583 221 1646 τῶν
244 1584 326 1663 ΑΗ,
342 1584 419 1644 ΗΒ.
454 1577 631 1664 τετμήσθω
655 1570 719 1646 οὖν
737 1577 758 1664 ἡ
778 1586 855 1647 ΖΜ
873 1583 949 1666 δίχα
963 1577 1047 1647 κατὰ
1065 1579 1105 1648 τὸ
1126 1587 1172 1666 Ν,

153 1685 208 1751 καὶ
232 1682 329 1770 ήχθω
353 1681 409 1750 διά
431 1693 493 1750 τοῦ
516 1690 554 1750 Ν
574 1683 719 1774 ὁποτέρᾳ
747 1689 815 1753 τῶν
839 1691 920 1770 ΓΔ,
944 1692 1021 1753 ΜΛ
1043 1688 1172 1776 παράλ-

104 1812 135 1860 15
155 1798 254 1877 ληλος
277 1788 297 1877 ή
322 1793 402 1866 ΝΞ·
440 1789 597 1879 ἑκάτερον
620 1788 686 1878 άρα
708 1795 776 1860 τῶν
799 1795 874 1877 ΖΞ,
896 1799 968 1861 ΝΛ
996 1802 1073 1861 ἴσον
1102 1795 1173 1862 ἐστὶ

154 1901 199 1988 τῷ
223 1894 290 1965 ὑπὸ
313 1901 381 1965 τῶν
405 1904 486 1982 ΑΗ,
500 1903 579 1966 ΗΒ.
614 1897 670 1964 καὶ
690 1898 758 1965 ἐπεὶ
782 1896 819 1965 τὸ
844 1899 896 1977 θὶς
913 1898 979 1967 ὑπὸ
999 1903 1068 1967 τῶν
1086 1907 1172 1986 ΑΗ,

156 2010 224 2069 ΗΒ
248 2002 351 2088 ῥητόν
376 2005 443 2070 ἐστι
467 2007 526 2069 καί
547 2004 673 2087 [ἐστιν]
699 2010 774 2070 ἴσον
796 2006 842 2094 τῷ
868 2011 947 2089 ΖΛ,
975 2006 1080 2090 ῥητὸν
1105 2002 1172 2092 ἅμα

155 2109 224 2177 ἐστὶ
256 2111 294 2176 τὸ
327 2115 400 2176 ΖΛ.
445 2108 501 2176 καὶ
533 2112 622 2195 παρὰ
652 2107 756 2196 ῥητήν
787 2107 849 2196 τήν
880 2116 944 2176 ΕΖ
974 2110 1172 2198 παράκειται

155 2215 278 2295 πλάτος
301 2217 422 2282 ποιοῦν
445 2213 507 2300 τὴν
530 2222 614 2282 ΖΜ·
652 2217 734 2302 ῥητὴ
764 2214 829 2303 άρα
858 2217 947 2283 ἐστὶν
974 2213 996 2302 ή
1019 2222 1094 2284 ΖΜ
1116 2219 1174 2285 καλ

102 2340 136 2390 20
155 2320 341 2408 σύμμετρος
363 2323 403 2408 τῇ
426 2325 489 2387 ΓΔ
512 2319 616 2407 μήκει.
661 2321 717 2388 καλ
741 2322 809 2389 ἐπεὶ
832 2319 870 2388 τὸ
893 2321 956 2408 μὲν
979 2328 1044 2390 ΓΛ
1066 2322 1174 2410 με’σον

156 2429 257 2510 ἐστίν,
281 2424 319 2492 τὸ
345 2424 382 2492 δὲ
405 2431 469 2491 ΖΛ
493 2425 607 2512 ῥητόν,
630 2423 844 2515 ἀσύμμετρον
868 2425 933 2515 άρα
957 2429 1025 2496 ἐστὶ
1047 2429 1085 2497 τὸ
1112 2437 1174 2498 ΓΛ

155 2535 201 2620 τῷ
226 2539 298 2598 ΖΛ.
341 2527 386 2608 ὡς
409 2530 446 2598 δὲ
472 2531 510 2599 τὸ
535 2538 599 2600 ΓΛ
631 2535 715 2620 πρὸς
741 2536 779 2601 τὸ
807 2541 886 2618 ΖΛ,
919 2532 1025 2614 οὕτως
1052 2533 1073 2621 ή
1098 2542 1180 2604 ΓΜ

156 2634 239 2721 πρὸς
261 2638 323 2721 τήν
347 2642 431 2702 ΜΖ·
464 2633 671 2724 άσύμμετρος
694 2637 759 2726 ἄρα
782 2639 873 2707 ἐστὶν
896 2636 917 2726 ἡ
940 2646 1018 2708 ΓΜ
1034 2645 1074 2729 τή
1098 2649 1174 2710 ΜΖ

157 2740 261 2828 μήκει.
307 2745 365 2807 καί
386 2746 472 2810 εἰσιν
495 2741 681 2830 άμφότεμαι
705 2746 815 2832 ῥηταί·
848 2747 886 2812 αἱ
906 2744 971 2832 άρα
994 2752 1078 2833 ΓΜ,
1099 2757 1174 2816 ΜΖ

104 2871 138 2919 25
157 2850 258 2935 ῥηταί
287 2852 351 2915 εἰσι
379 2848 519 2937 δυνάμει
546 2849 653 2937 μόνον
686 2851 879 2941 σύμμετροι·
921 2850 1072 2940 άποτομή
1107 2852 1176 2942 άρα

158 2956 248 3023 ἐστὶν
272 2952 292 3042 ἡ
316 2960 383 3023 ΓΖ.

229 3158 254 3204 3.
274 3150 339 3220 μέν]
361 3167 415 3206 om.
434 3151 468 3206 V.
539 3158 564 3207 5.
583 3151 652 3207 Post
670 3149 703 3206 δέ
722 3168 775 3207 ras.
795 3158 811 3207 2
830 3153 885 3209 litt.
905 3153 939 3208 V.
1013 3155 1082 3226 ΗΒ]
1102 3159 1174 3213 ωειλ

157 3221 187 3274 in
207 3226 256 3274 ΑΒ
275 3221 522 3288 m.2F,inras.
542 3223 575 3277 V.
650 3222 1024 3294 PA]Ainras.m.1P,
1049 3242 1177 3284 cornex

158 3289 230 3345 ΑΒ.
287 3297 310 3344 6.
330 3287 362 3345 τὸ
382 3289 414 3346 δέ
434 3324 468 3333 -
488 3299 511 3347 7.
532 3288 589 3347 άπὸ
608 3293 678 3364 τῶν]
696 3289 732 3348 τά
751 3291 783 3349 δὲ
803 3289 860 3349 άπὸ
880 3296 930 3365 τῆς
948 3297 981 3352 V.
1037 3303 1062 3354 7.
1083 3293 1163 3355 ἐστίν

159 3356 220 3415 ἐστί
235 3361 293 3429 ΡΒ,
313 3378 404 3431 comp.
424 3363 490 3430 FV;
511 3359 586 3418 εἶναι
603 3364 637 3431 V,
657 3381 812 3434 suprascr.
833 3362 891 3421 ἐστι
909 3386 946 3422 m.
967 3374 990 3422 1.
1064 3373 1089 3424 8.
1112 3375 1161 3427 ΓΛ

159 3434 351 3487 1nut.inAP
366 3434 488 3490 m.1F.
561 3441 585 3490 9.
612 3437 687 3507 ΓΜ]
713 3440 772 3489 ΓΗ
789 3457 818 3506 φ.
892 3434 1174 3512 §mrim-omo.

196 3510 237 3559 11.
258 3505 328 3576 ΓΕ]
351 3506 449 3560 ΒΑΒ.
511 3512 551 3562 13.
572 3499 637 3578 οὖν]
657 3523 710 3564 om.
730 3508 790 3576 ιφ.
847 3514 889 3564 14.
908 3510 1068 3582 και-Ν]
1089 3529 1175 3582 supra

80 3644 170 3672 A
