2474 3908
138 169 204 233 322
527 170 728 222 Στοανιαα
749 163 777 226 ι’.

28 363 35 374 .
136 312 174 379 τὸ
200 310 238 378 δὲ
261 308 328 378 ὑπὸ
345 321 413 379 τῶν
437 317 515 396 ΑΗ,
536 317 603 377 ΗΒ
627 314 672 402 τῷ
697 317 783 396 ΝΛ,
806 314 874 378 τῶν
898 307 964 398 άρα
987 316 1066 397 ΓΘ,
1091 319 1164 380 ΚΛ

10 3514 20 3631 λ

138 419 241 505 μέσον
264 414 434 502 ἀνάλογόν
459 418 527 484 ἐστι
556 418 593 484 τὸ
618 422 656 483 Ν
658 422 702 483 Λ·
744 420 835 483 ἔστιν
862 414 929 503 ἄρα
957 414 1003 496 ὡς
1029 414 1071 485 τὸ
1099 425 1163 487 ΓΘ

138 523 222 609 πρὸς
248 520 285 590 τὸ
310 528 397 607 ΝΛ,
426 520 531 602 οὕτως
559 520 597 589 τὸ
620 527 692 589 ΝΛ
718 521 802 609 πρὸς
824 520 862 589 τὸ
886 529 965 590 ΚΛ.
1011 521 1088 592 ἀλλ’
1116 523 1162 605 ὡς

136 630 198 715 μὲν
220 626 258 696 τὸ
278 634 340 695 ΓΘ
363 627 446 716 πρὸς
467 627 505 695 τὸ
526 634 565 695 Ν
568 634 609 714 Λ,
634 624 739 708 οὕτως
758 628 848 695 ἐστίν
867 625 887 713 ἡ
906 633 975 695 ΓΚ
991 627 1077 716 πρὸς
1096 635 1161 718 τὴν

100 756 117 806 5
137 740 175 801 N
180 740 227 819 M,
252 730 297 813 ὡς
321 733 359 802 δὲ
380 733 418 803 τὸ
438 740 510 802 ΝΛ
533 731 617 820 πρὸς
640 731 677 801 τὸ
696 739 776 819 ΚΛ,
801 730 908 813 οὕτως
927 733 1017 802 ἐστὶν
1037 733 1060 822 ἡ
1080 743 1168 805 ΝΜ

135 837 219 926 πρὸς
241 838 303 926 τὴν
327 846 417 907 ΚΜ·
451 837 496 920 ὡς
519 839 584 927 άρα
607 837 627 926 ἡ
652 846 720 907 ΓΚ
739 837 824 927 πρὸς
845 837 907 926 την
929 846 1024 927 ΜΝ,
1051 840 1161 925 οὕτως

137 945 227 1014 ἐστὶν
255 943 275 1031 ἡ
300 952 384 1014 ΜΝ
406 944 491 1032 πρὸς
517 943 579 1032 τὴν
603 951 692 1012 ΚΜ·
733 944 771 1012 τὸ
800 943 866 1031 άρα
892 942 959 1014 ὑπὸ
984 955 1055 1015 τῶν
1079 954 1160 1036 ΓΚ,

136 1058 220 1118 ΚΜ
239 1058 315 1119 ἴσον
339 1051 408 1119 ἐστὶ
430 1061 476 1142 τῳ
495 1047 561 1118 άπὸ
579 1053 639 1136 τῆς
656 1056 745 1135 MN,
769 1050 918 1118 τουτέστι
941 1054 987 1143 τῷ
1010 1053 1159 1147 τετάρτῳ

136 1159 228 1245 μέρει
251 1160 313 1225 τοῦ
337 1154 403 1225 άπέ,
426 1159 485 1242 τῆς
508 1164 589 1224 ΖΜ.
627 1156 696 1225 ἐπεὶ
720 1149 784 1225 οὖν
808 1155 870 1225 δύο
890 1155 1021 1226 εὐθεῖαι
1040 1158 1163 1230 ἄνισοί

83 1287 117 1334 10
136 1268 223 1332 εἰσιν
247 1266 284 1330 αλ
301 1270 385 1348 ΓΜ,
404 1270 487 1349 ΜΖ,
509 1264 566 1331 καὶ
588 1266 634 1356 τῷ
657 1263 802 1356 τετάρτῳ
822 1264 913 1352 μέρει
931 1267 993 1332 τοῦ
1011 1261 1079 1333 άπὸ
1098 1272 1160 1355 της

135 1377 207 1438 ΜΖ
231 1377 307 1437 ἴσον
327 1368 416 1457 παρά
439 1368 502 1455 την
526 1376 604 1438 ΓΜ
621 1369 869 1457 παραβέβληται
893 1372 1048 1439 ἐλλεῖπον
1072 1377 1156 1442 εἴδει

134 1476 330 1565 τετραγώνῳ
353 1473 385 1542 τέ
414 1472 481 1543 ὑπὸ
505 1478 573 1543 τάν
596 1481 664 1542 ΓΚ
668 1526 678 1561 ,
702 1483 785 1542 ΚΜ
807 1476 862 1543 καὶ
890 1479 937 1557 εἰς
959 1474 1158 1566 άσάμμετρα

135 1579 244 1667 αὐτὴν
269 1585 403 1668 διαιρεῖ,
426 1577 447 1666 ἡ
472 1578 538 1667 άρα
558 1587 636 1650 ΓΜ
647 1585 706 1668 τῆς
723 1588 795 1649 ΜΖ
814 1587 925 1668 μεῖζον
946 1581 1091 1652 δύναται
1109 1589 1157 1678 τῷ

135 1684 200 1754 άπὸ
230 1684 445 1776 ἀσυμμέτρου
474 1688 585 1776 ἑαυτῇ.
629 1692 690 1755 καί
713 1691 804 1756 ἐστιν
833 1686 893 1774 ὅλη
921 1685 942 1775 ἡ
970 1695 1050 1757 ΓΜ
1073 1691 1156 1778 σύμ

83 1816 117 1864 15
136 1820 255 1881 μετρος
277 1793 373 1882 μήκει
395 1797 436 1882 τῇ
460 1794 629 1883 έκκειμένη
658 1797 740 1884 ῥητῇ
768 1806 807 1885 τῇ
836 1801 911 1862 ΓΔ·
952 1822 973 1882 η
1002 1794 1071 1886 άρα
1093 1805 1156 1866 ΓΖ

134 1897 287 1987 άποτομη
312 1903 381 1969 ἐστι
404 1899 550 1988 τετάρτη.

206 2004 252 2073 Τὸ
277 2003 343 2093 άρα
367 2002 431 2074 άπὸ
457 2005 640 2086 ἐλάσσονος
662 2006 718 2073 καὶ
741 2005 782 2074 τὰ
805 2007 888 2094 ἑξῆς.

610 2244 675 2305 ρα.

206 2339 256 2408 Τὸ
296 2336 369 2408 άπὸ
407 2344 474 2427 τῆς
511 2340 605 2427 μετά
649 2344 769 2427 ῥητοῦ
810 2344 930 2430 μέσον
971 2347 1014 2411 τὸ
1058 2344 1159 2414 ὅλον

81 2470 115 2519 20
134 2444 328 2532 ποιούσης
351 2444 452 2531 παρὰ
476 2446 602 2534 ῥητὴν
624 2448 984 2536 παραβαλλόμενον
1006 2451 1159 2532 πλάτος

133 2563 243 2618 ποιεῖ
264 2547 469 2637 άποτομὴν
493 2554 678 2640 πέμπτην.

186 2653 295 2723 Ἔστω
319 2653 339 2742 ἡ
364 2683 445 2744 μετα
464 2660 569 2746 ῥητοῦ
588 2659 692 2744 μέσον
709 2656 747 2727 τὸ
767 2657 848 2728 ὅλον
867 2665 1013 2730 ποιοῦσα
1032 2659 1054 2749 ἡ
1074 2670 1157 2745 ΑΒ,

134 2760 217 2850 ῥητὴ
243 2760 280 2830 δὲ
302 2760 323 2849 ἡ
348 2769 424 2851 ΓΔ,
450 2764 573 2855 καὶτῷ
602 2761 668 2831 άπὸ
696 2768 755 2851 τῆς
778 2773 843 2833 ΑΒ
872 2774 947 2836 ἴσον
975 2767 1066 2857 παρά
1089 2769 1157 2856 τὴν

133 2875 202 2937 ΓΔ
233 2870 502 2958 παραβεβλήσθω
530 2868 568 2938 τὸ
592 2876 658 2938 ΓΕ
686 2871 809 2951 πλάτος
835 2877 957 2942 ποιοῦν
984 2873 1047 2960 τὴν
1074 2881 1157 2943 ΓΖ·

79 2999 114 3048 25
134 2977 231 3063 λέγω,
255 2978 307 3046 ὅτι
330 2974 350 3062 ἡ
375 2981 436 3042 ΓΖ
461 2975 613 3063 άποτομή
638 2978 706 3045 ἐστι
729 2979 869 3065 πέμπτη.

191 3081 301 3150 Ἔστω
324 3079 390 3169 μὰρ
412 3086 452 3170 τῇ
472 3089 538 3149 ΑΒ
561 3081 840 3171 προσαρμόζουσα
862 3082 882 3171 ἡ
908 3092 988 3152 ΒΗ·
1031 3090 1070 3154 αλ
1085 3085 1156 3177 άρα

206 3299 228 3349 1.
255 3289 329 3364 ὑπό]
351 3309 419 3348 corr.
441 3311 475 3348 ex
493 3288 551 3348 εἶπά
571 3295 603 3349 V.
677 3296 954 3371 τῶν](ο1τ.)ιῳ1),
1029 3304 1053 3352 3.
1079 3302 1156 3374 ΝΛ]

131 3364 239 3419 ANP.
313 3358 808 3437 062w9-4.Na]mg.m.2ss.
897 3375 922 3424 3.
941 3369 1010 3441 ΚΛ]
1030 3365 1099 3424 KA'
1122 3373 1155 3429 F.

167 3440 192 3489 4.
213 3433 276 3506 μέν]
297 3450 350 3489 om.
371 3435 403 3489 V.
464 3431 607 3562 έστίνργεν.
628 3443 644 3491 2
663 3436 692 3490 F.
754 3445 779 3494 6.
799 3435 848 3511 ὡς]
868 3436 1019 3507 καλῶςλ),
1039 3458 1097 3510 mg.
1121 3442 1154 3500 V.

168 3502 529 3577 ἄρα-7.τηνΚΜ]ιο3.
568 3550 573 3563 .
635 3515 658 3564 6.
679 3508 744 3580 τήν]
763 3507 886 3579 (almvd
906 3530 936 3579 φ.
993 3517 1017 3566 8.
1038 3515 1112 3567 ΝΜ
1122 3515 1155 3572 Ρ.
