2474 3908
515 196 704 247 sensnum.
1053 192 1119 257 415

106 341 217 405 milem
249 344 282 404 et
310 339 460 405 similiter
488 339 683 423 descriptam
713 336 788 420 [Vl,
813 337 853 400 19
878 338 1019 422 coroll.],
1052 339 1120 403 siue

110 447 269 532 quadrata
292 451 368 512 sunt
391 446 514 532 figurae
539 445 718 529 descriptae
743 445 812 509 siue
831 444 915 509 aliae
934 445 1120 510 rectilineae

114 591 136 638 A
166 591 192 640 p
222 591 244 639 B
296 553 419 617 similes
443 553 512 617 siue
536 552 647 618 circuli
673 551 794 616 circum
818 550 994 617 diametros
1016 552 1118 635 Α,Γ,

115 659 132 666 ”
168 659 186 666 “
223 658 241 666 “
296 657 449 743 quoniam
464 658 576 724 circuli
591 680 661 723 eam
676 657 761 721 inter
772 658 975 722 serationem
988 657 1120 741 habent,

296 788 393 850 quam
416 765 574 848 quadrata
598 764 826 829 diametrorum
854 763 938 849 [XII,
961 766 1005 844 2].
1043 785 1120 848 ergo

222 881 240 890 “
294 872 394 936 etiam
426 871 526 956 plana
558 870 665 954 spatia
702 870 788 935 inter
820 892 854 935 se
886 872 1120 936 incommensu-

167 986 185 993 ”
293 978 411 1043 rabilia
448 977 583 1042 inuenta
625 981 718 1061 sunt,
762 976 847 1061 quod
884 982 955 1043 erat
990 976 1121 1041 demon-

295 1082 471 1149 strandum.

181 1191 328 1256 Inuentis
370 1191 457 1254 iam
478 1189 593 1273 spatiis
635 1211 761 1274 quoque
804 1189 943 1254 diuersis
985 1189 1119 1254 duarum

107 1298 345 1363 dimensionum
378 1295 758 1361 incommensurabilibus
791 1317 849 1379 per
882 1317 933 1380 ea,
966 1316 1047 1380 quae
1081 1296 1120 1360 ad

106 1405 267 1470 theoriam
292 1402 467 1469 solidorum
490 1402 665 1487 pertinent,
688 1402 992 1486 demonstrabimus,
1016 1402 1120 1467 solida

107 1532 235 1594 quoque
260 1531 330 1576 esse
353 1508 439 1574 inter
467 1531 502 1573 se
531 1509 835 1575 commensurabilia
866 1511 900 1573 et
927 1509 1121 1574 incommen-

109 1617 275 1683 surabilia.
327 1616 356 1681 si
382 1617 470 1681 enim
497 1616 532 1680 in
560 1615 726 1700 quadratis
753 1619 914 1680 rectarum
943 1621 989 1699 A,
1012 1619 1041 1680 Β
1069 1617 1121 1680 uel

107 1723 223 1807 figuris
247 1723 423 1787 rectilineis
446 1721 486 1786 iis
511 1722 700 1804 aequalibus
724 1722 828 1788 solida
847 1723 1120 1788 construxerimus

108 1828 251 1893 eiusdem
275 1828 455 1892 altitudinis
483 1827 536 1890 uel
557 1827 834 1912 parallelepipeda
856 1828 909 1893 uel
931 1828 1121 1913 pyramidas

108 1934 160 1998 uel
183 1935 350 2019 prismata,
375 1933 480 1999 solida
503 1936 689 1999 constructa
713 1956 784 1998 eam
803 1935 889 1999 inter
908 1933 1121 1999 serationem

108 2039 283 2125 habebunt,
307 2062 404 2125 quam
424 2041 520 2105 bases
546 2039 615 2122 [XI,
629 2040 680 2104 32.
703 2040 776 2126 XII,
791 2041 824 2126 ὃς
846 2042 891 2122 6].
928 2041 1006 2106 etsi
1025 2041 1120 2106 bases

109 2146 416 2211 commensurabiles
441 2149 533 2230 sunt,
560 2147 659 2211 etiam
688 2146 791 2212 solida
816 2147 1122 2213 commensurabilia

109 2255 212 2336 erunt,
232 2252 283 2316 sin
295 2251 649 2336 incommensurabiles,
662 2252 1008 2319 incommensurabilis.
1017 2258 1121 2338 [prop.

108 2354 184 2441 Xl];
208 2357 293 2441 quod
317 2363 388 2424 erat
410 2359 706 2424 demonstrandum.

174 2468 342 2548 praeterea
366 2464 394 2529 si
412 2472 455 2548 A,
474 2468 503 2529 B
527 2465 590 2530 duo
614 2466 725 2532 circuli
748 2471 832 2546 sunt,
856 2468 884 2532 si
906 2468 941 2532 in
962 2467 1003 2532 iis
1023 2488 1121 2533 conos

108 2570 161 2634 uel
185 2570 348 2653 cylindros
373 2571 515 2636 eiusdem
540 2572 722 2637 altitudinis
742 2575 1025 2660 construxerimus,
1049 2597 1120 2639 eam

108 2676 193 2740 inter
208 2698 242 2741 se
256 2677 417 2743 rationem
431 2677 610 2763 habebunt,
629 2702 725 2764 quam
745 2680 849 2766 bases,
872 2680 934 2746 hoo
954 2686 1004 2745 est
1023 2704 1121 2766 quam

111 2781 222 2846 circuli
245 2789 287 2866 A,
310 2785 338 2846 B
364 2783 448 2869 [Xll,
469 2787 534 2865 11].
571 2789 604 2850 et
627 2786 656 2850 si
678 2786 789 2851 circuli
813 2788 1121 2851 commensurabiles

109 2892 194 2967 sunt,
219 2889 318 2953 etiam
342 2889 416 2955 coni
438 2891 637 2974 cylindrique
656 2891 743 2954 inter
763 2912 796 2955 se
816 2891 1120 2957 commensurabiles

111 3139 124 3187 1
140 3133 173 3189 V.
231 3138 272 3188 16.
288 3127 465 3202 ἀσύμμετροί
472 3131 542 3188 εἰσιν
557 3130 590 3187 ul
597 3130 693 3204 βάσεις
707 3136 740 3190 V.
797 3140 838 3189 17.
855 3131 925 3206 ὅπερ
941 3134 1000 3191 ἔδει
1015 3137 1120 3208 δεῖξαι]

108 3202 266 3258 omaso,
350 3209 390 3259 18.
416 3201 478 3273 cay'
499 3204 529 3260 B.
611 3204 740 3277 κύκλων]
763 3206 792 3260 in
811 3222 864 3261 ras.
884 3206 917 3263 V.
999 3213 1041 3261 20.
1066 3205 1119 3280 ὡς]

109 3291 162 3328 om.
182 3274 216 3342 P,
241 3294 277 3329 m.
298 3280 313 3328 2
337 3274 371 3329 V.
454 3275 522 3329 Post
540 3276 590 3330 alt.
610 3272 648 3339 ὥς
670 3293 724 3331 ras.
744 3284 760 3331 3
779 3277 833 3333 litt.
855 3278 888 3332 V.
970 3284 1012 3334 21.
1038 3276 1108 3334 εἰσιν

109 3341 167 3430 elea
185 3346 219 3400 V.
301 3352 344 3403 22.
368 3345 434 3418 καί]
459 3363 513 3402 om.
531 3345 562 3402 B.
639 3348 688 3419 τε]
707 3365 760 3403 om.
782 3350 807 3404 b.
885 3345 953 3419 πρὸς
972 3345 1107 3418 ἀλλήλους

109 3411 238 3484 αλλήλοις
255 3417 337 3472 BFb.
