2474 3908
130 143 197 207 354
517 143 718 196 ΣΤΟΙΧΕΙΩΝ
737 139 765 197 ι’.

53 358 64 373 ‚
130 260 429 372 παραβαλλόμεύον
457 282 580 363 πλάτος
605 297 698 353 ποιεῖ
722 282 895 370 ἀποτομὴν
923 282 1086 373 πρότην,
1119 292 1154 355 το

132 391 169 461 δέ
192 388 257 459 ἀπὸ
281 394 382 478 μέσης
404 388 572 477 ἀποτομῆς
594 390 727 477 πρω’της
744 388 833 477 παρὰ
853 386 960 478 ῥητὴν
981 397 1154 478 παραβαλ-

131 499 275 586 λόμενον
298 497 423 577 πλάτος
444 510 535 565 ποιεῖ
555 496 729 585 ἀποτομὴν
752 498 928 582 δευτέραν,
952 495 993 565 τό
1018 499 1062 567 δὲ
1088 497 1155 567 ἀπὸ

131 607 231 693 μέσης
245 603 416 692 ἀποτομῆς
434 605 592 692 δευτέρας
609 602 698 691 παρά
718 602 823 691 ῥητὴν
841 604 1155 693 παραβαλλόμενον

95 711 253 792 τπλάτος
284 724 375 779 ποιεῖ
396 709 570 798 ἀποτομὴν
593 715 724 799 τρίτην,
749 709 787 779 τό
813 710 851 779 δὲ
873 708 939 780 ἀπὸ
966 710 1156 794 ἐλάσσονος

131 820 220 906 παρὰ
248 816 353 906 ῥητὴν
381 815 682 904 παραβαλλόμενον
709 815 833 896 πλάτος
860 831 952 885 ποιεῖ
973 815 1155 908 ἀποτομὴν

130 925 305 1012 τετάρτην,
337 923 375 992 τὸ
405 923 443 992 δὲ
470 920 535 992 ἀπὸ
563 928 622 1010 τῆς
644 922 724 1010 μετὰ
748 925 853 1012 ῥητοῦ
876 926 982 1011 μέσον
1003 924 1046 994 τὸ
1072 924 1154 995 ὀλον

131 1034 292 1118 ποιούσης
319 1029 410 1117 παρὰ
437 1030 543 1117 ῥητὴν
574 1029 874 1118 παραβαλλόμενον
906 1030 1036 1112 πλάτος
1065 1047 1157 1102 ποιεῖ

132 1136 305 1225 ἀποτομὴν
327 1139 492 1225 πέμπτην,
515 1135 553 1205 τό
578 1136 615 1206 δέ
637 1135 704 1205 άπὸ
725 1148 786 1225 τῆς
808 1138 890 1224 μετὰ
913 1137 1021 1224 μέσον
1047 1142 1154 1227 μέσον

80 1269 112 1318 10
131 1245 168 1313 τό
188 1245 272 1313 ὅλον
287 1244 449 1330 ποιούσης
466 1243 555 1332 παρὰ
576 1246 681 1332 ῥητὴν
699 1244 1003 1334 παραβαλλόμενον
1022 1245 1152 1328 πλάτος

131 1366 223 1420 ποιεῖ
247 1349 422 1438 ἀποτομὴν
449 1351 556 1437 ἕκτην.
602 1352 670 1419 ἐπεὶ
699 1343 763 1419 οὖν
790 1349 832 1419 τά
856 1353 1017 1439 εἰρημένα
1041 1352 1152 1441 πλάτη

131 1459 283 1545 διαφέρει
298 1462 361 1527 τοῦ
378 1483 414 1525 τε
432 1457 568 1545 πρότου
585 1457 641 1525 καὶ
660 1455 824 1545 ἀλλήλων,
846 1457 985 1545 τοῦμὲν
999 1459 1152 1547 πρώτου,

131 1562 182 1631 ὅτι
206 1563 289 1649 ῥητή
313 1565 418 1649 ἐστιν,
447 1561 602 1649 ἀλλήλων
625 1562 680 1650 δέ,
704 1563 773 1633 ἐπεὶ
796 1568 836 1653 τῇ
858 1564 948 1647 τάξει
974 1563 1040 1634 οὐκ
1063 1567 1152 1636 εἰσὶν

131 1673 169 1738 αἱ
190 1668 299 1756 αύταί,
322 1673 440 1756 δῆλον,
465 1667 509 1749 ὥς
531 1669 597 1738 καὶ·
611 1667 709 1738 αύταὶ
728 1673 765 1738 αλ
786 1669 904 1757 άλογοι
923 1673 1151 1763 διαφέρουσιν

80 1799 111 1847 ιι
131 1775 294 1864 ἀλλήλων.
339 1777 395 1844 καὶ
424 1777 493 1845 ἐπεὶ
521 1780 686 1846 δέδεικται
710 1774 732 1864 ἡ
755 1776 905 1867 ἀποτομὴ
929 1777 991 1848 ούκ
1014 1771 1106 1849 ούσα
1129 1777 1150 1867 ἡ

131 1881 213 1970 αὐτὴ
237 1886 277 1971 τῇ
301 1883 337 1950 έκ
364 1881 428 1952 δύο
458 1881 649 1970 ὀνομάτων,
682 1887 817 1952 ποιοῦσι
850 1885 887 1953 δέ
915 1885 1024 1973 πλάτη
1058 1886 1150 1977 παρὰ

131 1991 236 2077 ῥητὴν
250 1987 543 2077 παραβαλλόμεναι
558 1992 595 2057 αἱ
607 1993 687 2077 μετὰ
701 1988 764 2078 τὴν
783 1988 956 2078 ἀποτομὴν
974 1988 1151 2080 ἀποτομὰς

130 2094 328 2176 ἀκολούθως
358 2093 478 2182 ἑκάστη
510 2099 550 2185 τῇ
583 2094 672 2177 τάξει
704 2107 745 2186 τῇ
776 2095 858 2166 καθ’
884 2095 1006 2184 αύτην,
1043 2101 1082 2166 αλ
1113 2100 1151 2169 δὲ

131 2201 212 2290 μετόι
235 2201 298 2289 τὴν
320 2204 357 2270 έκ
381 2203 443 2271 δύο
469 2198 645 2290 ὀνομάτων
667 2202 784 2284 τδςέκ
807 2202 871 2272 δύο
895 2202 1076 2291 ὀνομάτων
1094 2207 1151 2274 καὶ

77 2333 112 2382 20
131 2307 229 2377 αύταὶ
251 2313 291 2397 τῇ
315 2308 404 2390 τάξει
428 2306 641 2395 ἀκολούθως,
670 2311 779 2399 ἕτεραι
808 2309 873 2399 ἀρα
897 2310 983 2379 εἰσὶν
1006 2315 1047 2380 αλ
1068 2311 1151 2399 μετὰ

130 2415 193 2502 τὴν
214 2413 386 2502 ἀποτομὴν
407 2415 463 2483 καὶ
482 2417 590 2501 ἕτεραι
608 2419 646 2484 αλ
658 2417 738 2504 μετά
750 2415 814 2504 τὴν
828 2419 864 2486 έκ
879 2419 941 2486 δύο
956 2414 1152 2506 ὀνομάτων,

131 2519 175 2600 ὡς
199 2519 286 2589 εἶναι
309 2533 348 2611 τῇ
372 2521 461 2602 τάξει
484 2522 592 2602 πάσας
615 2520 758 2610 ἀλόγους
778 2529 825 2611 FF,

197 2628 327 2712 Μέσην,

195 2729 248 2800 Ἐκ
272 2731 336 2800 δύο
360 2729 546 2821 ὀνομάτων,

78 2865 112 2912 25
195 2834 250 2906 Ἐκ
274 2837 338 2907 δύο
361 2840 473 2926 μέσων
496 2838 642 2928 πρωτην,

194 2942 249 3013 Ἐκ
273 2944 335 3013 δύο
360 2946 471 3032 μέσων
496 2946 664 3035 δευτέραν,

200 3058 356 3140 Μείζονα,

192 3155 310 3244 Ῥητὸν
333 3158 389 3226 καὶ
413 3160 516 3246 μέσον
540 3161 742 3247 δυναμένην,

204 3288 226 3335 1.
251 3277 283 3336 τό
303 3281 385 3337 δέ-
400 3289 424 3337 3.
445 3284 602 3410 δευτέραῖ]
615 3303 669 3355 mg.
689 3302 726 3340 m
748 3285 814 3339 lV.
878 3291 903 3341 ὅ.
923 3281 1075 3350 ἐλάττονος
1092 3287 1150 3357 Bb,

133 3367 222 3421 comp.
241 3350 271 3409 F
351 3359 375 3408 9.
394 3350 477 3436 μετά]
499 3371 544 3409 om
681 3361 722 3410 11.
743 3348 806 3427 οὖν]
826 3373 895 3412 corr
915 3373 949 3411 ex
968 3352 1003 3411 οό
1021 3359 1150 3414 m.1P.

168 3428 209 3477 12
233 3418 362 3506 κρότον]
387 3424 518 3495 (prius)
509 3444 540 3480 111
561 3443 615 3483 ras.
633 3425 667 3482 V.
751 3433 792 3484 13.
816 3423 896 3500 έπεί]
922 3422 1149 3487 8123.st

131 3492 418 3566 παραβαλλόμεναΕ,
439 3513 509 3553 corr.
524 3516 560 3554 m.
576 3504 600 3552 2.
666 3494 713 3568 αλ]
733 3497 833 3569 om.,P
852 3515 936 3570 supra
955 3515 1009 3555 scr.
1024 3518 1062 3557 m.
1080 3501 1149 3570 lV,
