2474 3908
151 170 217 236 294
538 168 740 222 Στουτωτακ
759 163 785 220 ι’.

152 311 341 381 συνεστάτω
366 302 429 378 οὖν
453 314 498 399 τῷ
523 308 585 397 μὲν
608 318 668 378 ΑΙ
689 319 764 378 ἴσον
787 309 998 397 τετράγωνον
1022 306 1060 375 τὸ
1086 315 1175 394 AM,

80 466 83 472 -
150 424 195 509 τῷ
228 418 265 486 δὲ
294 424 360 484 ΖΚ
386 424 462 484 ἴσον
490 413 682 506 ἀφῃρήσθω
712 417 787 502 περὶ
815 413 876 502 τὴν
906 412 1012 501 αὐτὴν
1040 419 1176 500 γωνίαν

150 524 214 611 τὴν
237 521 303 591 ὑπὸ
323 527 391 591 τών
411 529 525 591 ΛΟΜ
543 523 581 591 τὸ
602 527 677 601 ΝΞ.
714 523 788 608 περὶ
807 520 870 609 τὴν
889 518 995 608 αὐτὴν
1014 519 1081 609 ἄρα
1102 522 1178 590 διά-

151 630 275 718 μετρόν
307 632 376 698 ἐστι
408 629 448 697 τὰ
477 637 567 716 AM,
595 632 665 707 ΝΞ
691 631 891 716 τετράγωνα.
942 633 1025 695 ἔστω
1059 625 1178 697 αὐτῶν

118 759 134 808 5
155 736 332 825 διάμετρος
355 733 375 822 ἡ
401 743 475 822 ΟΡ,
504 738 559 805 καὶ
582 734 852 825 καταγεγράφθω
874 733 912 802 τὸ
937 739 1055 821 σχῆμα.
1105 736 1178 804 ἐπεὶ

153 835 278 911 οὖντὸ
303 841 368 911 ὑπὸ
392 847 460 912 τών
484 851 559 928 ΑΖ,
581 850 651 910 ΖΗ
671 851 747 911 ἴσον
772 842 840 910 ἐστὶ
864 845 908 933 τῷ
929 839 992 910 ἀπὸ
1013 847 1073 927 τῆς
1090 849 1177 928 ΕΗ,

152 949 326 1035 ἀνάλογον
350 948 416 1037 ἄρα
440 950 530 1018 ἐστὶν
553 946 598 1029 ώς
621 945 642 1036 ἡ
667 955 731 1015 ΑΖ
758 945 842 1037 πρὸς
864 945 926 1034 τὴν
951 955 1034 1031 ΕΗ,
1065 947 1178 1030 οὕτως

151 1053 171 1143 ἡ
197 1063 270 1123 ΕΗ
293 1053 377 1144 πρὸς
404 1057 465 1142 τὴν
490 1062 566 1124 ΖΗ.
612 1053 684 1123 ἀλλ’
711 1053 756 1134 ὡς
779 1054 841 1141 μὲν
864 1052 885 1141 ἡ
909 1063 973 1122 ΑΖ
1001 1053 1086 1143 πρὸς
1109 1055 1176 1143 τὴν

151 1169 234 1247 ΕΗ,
264 1160 370 1241 οὕτως
397 1162 466 1230 ἐστὶ
493 1160 530 1230 τὸ
556 1169 616 1229 ΑΙ
641 1158 724 1250 πρὸς
751 1159 789 1228 τὸ
814 1169 895 1248 ΕΚ,
927 1160 971 1242 ὡς
995 1161 1032 1230 δὲ
1055 1160 1077 1247 ἡ
1103 1170 1182 1230 ΕΗ

99 1290 132 1340 10
151 1265 235 1352 πρὸς
257 1267 319 1353 τὴν
344 1275 426 1354 ΖΗ,
451 1266 558 1348 οὕτως
581 1268 650 1336 ἐστὶ
673 1267 711 1336 τὸ
736 1274 804 1336 ΕΚ
824 1265 907 1355 πρὸς
929 1267 967 1335 τὸ
991 1275 1070 1335 ΖΚ·
1103 1273 1177 1338 τών

150 1371 217 1459 ἄρα
245 1380 317 1458 ΑΙ,
342 1379 407 1440 ΖΚ
433 1375 536 1460 μέσον
561 1373 732 1460 ἀνάλογόν
760 1377 828 1443 ἐστι
856 1373 893 1442 τὸ
918 1381 993 1442 ΕΚ.
1040 1380 1110 1443 ἔστι
1135 1376 1175 1444 δὲ

150 1479 205 1546 καὶ
220 1483 288 1546 τών
303 1486 388 1566 AM,
404 1487 442 1547 Ν
443 1485 473 1556 Ξ
488 1479 707 1566 τετραγώνων
722 1482 826 1566 μέσον
841 1477 1010 1566 ἀνάλογον
1024 1480 1062 1549 τὸ
1080 1488 1173 1567 MN,

150 1590 209 1651 καί
230 1586 320 1652 ἐστιν
339 1593 415 1653 ἴσον
433 1584 470 1653 τὸ
490 1585 551 1671 μέν
571 1593 632 1653 ΑΙ
647 1591 692 1677 τῷ
713 1595 798 1672 AM,
825 1585 861 1655 τὸ
883 1587 921 1655 δὲ
940 1595 1007 1654 ΖΚ
1025 1593 1071 1680 τῷ
1087 1591 1171 1663 ΝΞ·

150 1691 205 1758 καὶ
228 1688 265 1758 τὸ
285 1698 353 1759 ΕΚ
375 1689 441 1780 ἄρα
464 1700 541 1760 ἴσον
564 1694 633 1760 ἐστὶ
654 1696 699 1784 τῷ
719 1700 807 1762 MN.
845 1691 930 1761 ἀλλὰ
953 1698 998 1784 τῷ
1019 1694 1083 1782 μὲν
1101 1703 1173 1764 ΕΚ

99 1822 132 1870 15
152 1805 228 1864 ἴσον
252 1797 321 1866 ἐστὶ
344 1796 382 1866 τὸ
402 1805 482 1885 ΔΘ,
505 1809 551 1890 τῷ
575 1799 612 1867 δὲ
632 1806 714 1867 MN
734 1807 809 1867 ἴσον
833 1800 901 1868 ἐστὶ
925 1797 963 1867 τὸ
988 1802 1063 1877 ΛΞ·
1089 1799 1172 1870 ὅλον

151 1902 217 1989 ἄρα
240 1903 279 1973 vd
298 1912 372 1974 ΛΚ
394 1913 470 1974 ἴσον
494 1906 563 1974 ἐστὶ
586 1917 631 1997 τῷ
656 1912 758 1972 ΥΦΧ
777 1905 928 1992 γνώμονι
951 1906 1007 1973 καὶ
1030 1911 1076 1996 τῷ
1096 1911 1174 1984 ΝΞ.

151 2011 220 2078 ἐπεὶ
245 2003 309 2079 οὖν
332 2010 415 2080 ὅλον
440 2010 477 2080 τὸ
497 2019 569 2080 ΑΚ
591 2020 667 2079 λ’σον
692 2012 759 2079 έστλ
783 2024 853 2091 τοῖς
872 2018 959 2096 AM,
974 2017 1043 2088 ΝΞ
1059 2039 1174 2100 τετρα-

150 2118 289 2204 γώνοις,
318 2111 367 2186 ών
389 2118 427 2187 τὸ
453 2126 525 2187 ΔΚ
548 2127 624 2187 ἴσον
649 2118 717 2186 ἐστὶ
740 2128 786 2208 τῷ
815 2120 920 2187 mx
939 2117 1091 2206 γνώμονι
1115 2123 1173 2188 καὶ

150 2229 195 2317 τώ
221 2232 255 2292 Ν
260 2228 290 2303 Ξ
310 2225 521 2317 τετραγώνῳ,
543 2223 665 2292 λοιττὸν
689 2222 755 2309 ἄρα
779 2224 815 2292 τὸ
840 2232 906 2292 AB
930 2233 1006 2293 ἴσον
1030 2226 1100 2293 ἐστὶ
1123 2232 1171 2319 τῷ

97 2355 132 2404 20
152 2338 228 2417 ΣΤ,
252 2332 401 2399 τουτέστι
420 2335 465 2422 τῷ
484 2329 550 2399 ἀπὸ
569 2335 628 2418 τῆς
647 2337 722 2398 ΛΝ
736 2330 947 2422 τετραγώνῳ·
972 2328 992 2417 ἡ
1014 2338 1089 2399 AN
1103 2330 1172 2421 ἄρα

151 2436 354 2506 δύναται-τὸ
379 2445 444 2506 AB
468 2444 602 2526 χωρίον.

218 2545 326 2628 Λέγω,
341 2542 392 2610 ὅτι
406 2541 426 2629 ἡ
445 2551 515 2610 AN
527 2542 651 2628 ἄλογός
665 2545 755 2611 ἐστιν
770 2540 790 2629 ἡ
806 2545 994 2631 καλουμένη
1011 2546 1174 2615 ἐλάσσων.

214 2644 302 2714 Ἐπεὶ
325 2647 389 2734 γὰρ
414 2649 517 2736 ῥητόν
540 2651 609 2717 ἐστι
632 2647 669 2717 τὸ
695 2658 727 2716 Α
735 2657 766 2718 Κ
788 2654 848 2718 καί
875 2654 966 2719 ἐστιν
996 2659 1072 2719 ἴσον
1099 2666 1175 2732 τοῖς

151 2752 216 2822 ἀπὸ
240 2765 309 2822 τῶν
332 2761 413 2841 AO,
440 2763 512 2823 ΟΝ
530 2754 767 2844 τετράγωνοτς,
795 2755 833 2826 τὸ
857 2756 924 2845 ἄρα
948 2763 1175 2845 συγκείμενον

98 2886 132 2935 νο
153 2865 188 2931 ἐκ
211 2865 280 2932 τών
303 2859 369 2932 ἀπὸ
393 2865 461 2931 τών
485 2870 566 2951 ΛΟ,
593 2871 665 2931 ΟΝ
684 2863 788 2952 ῥητόν
813 2868 916 2934 ἐστιν.
958 2864 1075 2951 πάλιν,
1103 2868 1175 2935 ἐπεὶ

150 2967 187 3038 τὸ
214 2976 287 3037 ΔΚ
307 2971 411 3057 μέσον
435 2973 542 3057 ἐστίν,
574 2975 634 3038 καί
659 2973 749 3038 ἐστιν
779 2979 854 3040 ἴσον
882 2971 919 3040 τὸ
945 2979 1018 3041 ΔΚ
1044 2975 1090 3059 τῷ
1120 2974 1175 3054 δὶς

151 3073 217 3144 ὑπὸ
233 3087 300 3144 τῶν
317 3084 392 3164 AO,
409 3085 487 3165 ΟΝ,
506 3077 543 3146 τὸ
559 3076 626 3167 ἄρα
645 3078 697 3158 δὶς
715 3075 780 3146 ὑπὸ
800 3082 868 3145 τών
888 3085 964 3164 AO,
982 3085 1053 3146 ΟΝ
1068 3080 1175 3164 μέσον

225 3241 250 3289 2.
269 3233 338 3288 Post
356 3240 411 3290 ΖΚ
428 3254 481 3291 ras.
503 3243 517 3289 1
537 3237 594 3293 litt.
613 3238 642 3292 F.
712 3244 737 3293 3.
756 3237 824 3308 τῶν]
846 3252 900 3292 om.
920 3236 1011 3294 ΒΝ.
1080 3241 1178 3294 AON

153 3325 174 3374 φ
194 3307 230 3372 et,
250 3322 336 3374 supra
349 3322 401 3361 του.
417 3311 456 3374 Μ,
475 3308 501 3362 b.
563 3305 607 3380 τό]
627 3325 722 3364 eeorr.
733 3325 770 3362 m.
780 3323 834 3362 reo.
844 3308 872 3362 b.
933 3315 959 3363 4.
979 3305 1050 3381 ἐστι]
1071 3308 1128 3365 εἰσι
1143 3310 1174 3367 P.

190 3381 214 3430 5.
240 3371 275 3447 ἡ]
300 3394 337 3432 m.
356 3393 411 3433 rec.
430 3377 460 3430 P.
539 3384 563 3434 7,
587 3380 653 3450 AZ]
679 3384 748 3447 ΑΗ,
772 3395 927 3448 suprascr.
947 3383 981 3447 Z,
1005 3381 1033 3435 b.
1106 3379 1174 3454 τήν]

157 3465 211 3503 om.
232 3448 261 3504 P.
326 3453 351 3504 8.
371 3449 431 3520 AZ]
452 3453 473 3501 Z
490 3448 521 3503 in
538 3466 592 3504 ras.
611 3450 643 3505 λ’.
705 3456 729 3504 9.
749 3444 849 3520 οὕτως]
870 3444 960 3512 οὕτως
980 3446 1055 3505 ἐστὶν
1074 3447 1091 3520 ἡ
1113 3456 1178 3508 ΕΗ

65 3488 103 3682 ἱ
149 3516 222 3590 πρὸς
245 3515 298 3588 τὴν
322 3524 391 3574 ΖΗ·
429 3515 492 3575 ἀλλ’
514 3517 552 3584 ὡς
575 3519 627 3592 μὲν
651 3515 669 3589 ἡ
693 3525 743 3574 ΑΖ
765 3518 836 3591 πρὸς
858 3517 911 3591 τὴν
935 3524 1007 3591 ΕΗ,
1035 3516 1128 3587 οὕτως
1146 3525 1175 3581 b.
