2474 3908
156 160 221 224 272
540 156 742 210 mommsen
761 151 788 209 ι’.

156 299 177 388 ἡ
202 308 277 368 ΖΗ
322 299 378 367 καὶ
402 299 472 367 ἐπεὶ
495 295 513 366 ὁ
539 306 571 365 Ε
597 300 681 384 πρὸς
703 296 765 365 τὸν
787 303 854 364 ΒΓ
876 295 982 381 λόγον
1009 297 1071 363 οὐκ
1095 301 1177 383 ἔχει,

158 404 199 474 ὃν
230 404 437 492 τετράγωνος
470 402 616 494 ἀριθμὸς
649 402 733 492 πρὸς
764 402 976 489 τετράγωνον
1010 399 1177 489 ἀριθμόν,

158 508 232 580 οὐδ’
259 509 325 594 ἄρα
351 512 390 578 τὸ
415 507 480 577 ἀπὸ
504 513 563 595 τῆς
586 519 618 577 Α
640 513 724 598 πρὸς
746 507 783 577 τὸ
807 507 873 576 ἀπὸ
896 512 954 595 τῆς
978 515 1050 575 ΖΗ
1071 507 1178 594 λόγον

159 623 236 704 ἔχει,
252 613 293 684 ὃν
307 615 515 703 τετράγωνος
529 612 675 704 ἀριθμὸς
688 613 770 702 πρὸς
783 614 996 700 τετράγωνον
1010 613 1177 703 ἀριθμόν·

123 748 139 797 5
159 719 369 810 ἀσύμμετρος
387 720 453 806 ἄρα
472 722 562 789 ἐστὶν
580 718 601 808 ἡ
623 731 653 788 Α
676 724 716 808 τῇ
737 727 808 787 ΖΗ
826 719 932 807 μήκει.
968 720 1082 808 πάλιν,
1107 725 1182 790 ἐπεί

160 831 249 896 ἐστιν
274 824 318 907 ὡς
342 824 359 895 ὁ
379 834 446 895 ΒΓ
464 830 547 915 πρὸς
568 826 629 895 τὸν
647 833 721 913 ΓΔ,
746 824 853 906 οὕτως
875 824 913 894 τὸ
936 826 1002 895 ἀπὸ
1026 832 1085 915 τῆς
1109 836 1184 896 ΖΗ

159 936 243 1025 πρὸς
265 933 303 1002 τὸ
327 932 392 1002 ἀπὸ
416 939 474 1020 τῆς
492 941 570 1020 ΗΘ,
593 932 784 1021 σύμμετρον
804 931 925 1021 ἄρατὸ
946 932 1011 1001 ἀπὸ
1030 937 1089 1021 τῆς
1109 941 1184 1002 ΖΗ

159 1046 204 1132 τῷ
229 1039 293 1111 ἀπὸ
316 1045 374 1127 τῆς
398 1048 472 1109 ΗΘ.
520 1039 623 1128 ῥητὸν
647 1039 684 1107 δὲ
711 1038 749 1108 τὸ
777 1037 843 1107 ἀπὸ
871 1042 929 1125 τῆς
953 1047 1035 1107 ΖΗ·
1073 1042 1179 1128 ῥητὸν

160 1146 226 1232 ἄρα
248 1149 304 1216 καὶ
326 1148 364 1216 τὸ
389 1145 455 1216 ἀπὸ
477 1152 535 1234 τῆς
557 1153 638 1213 ΗΘ·
676 1145 757 1234 ῥητὴ
786 1144 852 1231 ἄρα
874 1147 930 1214 καὶ
953 1143 974 1233 ἡ
998 1153 1074 1215 ΗΘ.
1121 1149 1179 1216 καὶ

108 1279 141 1326 10
162 1255 231 1322 ἐπεὶ
251 1254 269 1322 ὁ
287 1261 354 1322 ΒΓ
367 1252 450 1343 πρὸς
468 1252 529 1322 τὸν
542 1260 605 1321 ΓΛ
623 1255 726 1339 λόγον
742 1249 804 1320 οὐκ
819 1257 895 1339 ἔχει,
915 1248 956 1320 ὃν
969 1251 1180 1340 τετράγωνος

161 1357 307 1447 ἀρνθμὸς
328 1358 411 1446 πρὸς
433 1358 643 1446 τετράγωνον
666 1357 832 1447 ἀριθμόν,
864 1354 938 1426 οὐδ’
960 1356 1027 1446 ἄρα
1049 1357 1088 1426 τὸ
1110 1357 1179 1426 ἀπὸ

160 1468 219 1551 τῆς
247 1472 314 1532 ΖΗ
336 1464 418 1551 πρὸς
439 1465 477 1534 τὸ
501 1463 566 1533 ἀπὸ
589 1469 648 1550 τῆς
670 1471 739 1532 ΗΘ
762 1463 864 1550 λόγον
888 1469 969 1551 ἔχει,
1000 1461 1041 1533 ὃν
1063 1465 1179 1554 τετρά-

161 1597 271 1656 γωνος
289 1568 437 1658 ἀριθμὸς
455 1571 539 1659 πρὸς
552 1569 762 1657 τετράγωνον
776 1570 940 1658 ἀριθμόν·
968 1568 1182 1661 ἀσύμμετρος

162 1675 229 1763 ἄρα
251 1677 342 1744 ἐστὶν
365 1674 386 1764 ἡ
411 1685 482 1745 ΖΗ
501 1682 539 1766 τῇ
563 1684 632 1745 ΗΘ
654 1677 759 1763 μήκει.
804 1684 863 1745 καί
884 1682 970 1745 εἰσιν
992 1674 1183 1768 ἀμφότεραι

112 1808 144 1855 15
164 1786 272 1868 ῥηταί·
297 1785 336 1849 αῖ
348 1790 425 1869 ΖΗ,
441 1791 509 1852 ΗΘ
527 1783 591 1872 ἄρα
611 1786 711 1870 ῥηταί
726 1788 791 1852 εἰσι
810 1783 950 1871 δυνάμει
969 1783 1077 1873 μόνον
1096 1785 1183 1873 σύμ-

162 1912 287 1975 μετροι·
316 1889 337 1976 ἡ
362 1888 516 1978 &gurm
539 1887 689 1976 ἀποτομή
713 1892 812 1958 ἐστιν.

231 1998 326 2082 Λέγω
351 1996 405 2082 δή,
429 1997 479 2064 ὅτι
502 1996 557 2064 καὶ
581 1997 666 2082 ἕκτη.

227 2099 315 2170 Ἐπεὶ
338 2101 404 2189 γάρ
428 2105 518 2171 ἐστιν
542 2102 587 2184 ὡς
610 2103 671 2190 μὲν
695 2102 712 2170 ὁ
737 2110 769 2169 Ε
789 2105 873 2187 πρὸς
895 2102 955 2171 τὸν
975 2109 1048 2189 ΒΓ,
1073 2102 1184 2186 οὕτως

143 2206 200 2275 ’τὸ
220 2205 286 2276 ἀπὸ
309 2213 369 2295 τῆς
392 2220 423 2276 A
451 2207 536 2295 πρὸς
561 2206 599 2275 τὸ
629 2206 693 2276 ἀπὸ
721 2212 780 2294 τῆς
808 2215 889 2294 ΖΗ,
923 2208 968 2288 ὡς
1001 2208 1039 2276 δὲ
1071 2207 1088 2276 ὁ
1119 2218 1188 2279 ΒΓ

112 2337 146 2386 20
165 2313 248 2402 πρὸς
267 2312 328 2381 τὸν
345 2321 417 2401 ΓΔ,
441 2312 546 2394 οὕτως
568 2314 606 2382 τὸ
626 2311 691 2382 ἀπὸ
711 2319 770 2402 τῆς
788 2320 860 2381 ΖΗ
878 2313 961 2403 πρὸς
979 2313 1017 2382 τὸ
1035 2313 1102 2383 ἀπὸ
1124 2321 1186 2404 τῆς

165 2426 242 2505 ΗΘ,
267 2416 314 2487 δι’
332 2429 408 2488 ἴσου
426 2417 493 2509 ἄρα
516 2421 607 2488 ἐστὶν
631 2417 676 2500 ὡς
699 2419 717 2489 ὁ
741 2429 773 2488 Ε
792 2419 876 2509 πρὸς
898 2419 958 2490 τὸν
978 2427 1050 2506 ΓΔ,
1075 2420 1186 2503 οὕτως

164 2527 201 2593 τὸ
229 2523 294 2594 ἀπὸ
323 2531 382 2613 τῆς
410 2537 442 2595 Α
469 2528 551 2613 πρὸς
578 2525 616 2594 τὸ
645 2523 711 2595 ἀπὸ
739 2529 797 2612 τῆς
819 2533 894 2595 ΗΘ.
942 2524 1022 2596 ὁὸὲ
1045 2536 1077 2595 Ε
1098 2528 1188 2615 πρὸς

164 2629 225 2698 τὸν
248 2638 311 2699 ΓΛ
334 2634 436 2719 λόγον
460 2631 523 2701 οὐκ
547 2637 624 2720 ἔχει,
649 2629 689 2700 ὃν
707 2631 914 2722 τετράγωνος
933 2629 1079 2720 ἀριθμὸς
1097 2633 1187 2723 πρὸς

165 2737 375 2824 τετράγωνον
403 2738 566 2827 ἀριθμόν·
604 2736 679 2806 οὐδ’
706 2736 771 2828 ἄρα
798 2736 836 2806 τὸ
865 2737 929 2807 ἀπὸ
959 2742 1016 2826 τῆς
1038 2748 1071 2806 Α
1099 2736 1187 2827 πρὸς

114 2866 147 2914 25
166 2843 204 2912 τὸ
226 2842 291 2912 ἀπὸ
320 2855 378 2931 τῆς
406 2851 474 2911 ΗΘ
497 2843 599 2931 λόγον
623 2849 704 2931 ἔχει,
738 2840 778 2913 ὃν
805 2844 1012 2931 τετράγωνος
1035 2841 1188 2934 ἀριθμὸς

166 2949 249 3039 πρὸς
275 2950 487 3039 τετράγωνον
515 2949 677 3040 ἀριθμόν·
715 2949 924 3040 ἀσύμμετρος
952 2951 1017 3040 ἄρα
1045 2952 1138 3020 ἐστὶν
1162 2951 1186 3040 ἡ

169 3067 198 3136 Α
221 3067 261 3145 τῇ
285 3065 353 3125 ΗΘ
380 3057 490 3145 μήκει·
521 3055 679 3147 οὐδετέρα
708 3055 774 3145 ἄρα
802 3061 870 3124 τῶν
899 3064 982 3142 ΖΗ,
1005 3063 1074 3124 ΗΘ
1102 3058 1188 3146 σύμ-

168 3163 285 3249 μετρός
313 3164 381 3229 ἐστι
413 3166 454 3248 τῇ
482 3172 514 3230 Α
546 3165 629 3251 ῥητῇ
662 3162 767 3250 μήκει.
813 3153 840 3256 ᾧ
869 3154 933 3231 οὖν
969 3163 1082 3250 μεῖζόν
1114 3168 1188 3234 ἐστι

241 3359 263 3408 1.
285 3358 340 3408 ΗΖ
357 3355 388 3410 P.
462 3361 487 3410 3.
507 3351 574 3409 οὐδὲ
594 3355 652 3411 vb.
726 3363 750 3412 5.
771 3355 881 3414 ἐστίν.
944 3358 979 3430 A]
1000 3363 1070 3427 κφ.
1158 3360 1171 3374 ·

168 3425 217 3494 τῆς
235 3424 264 3479 F.
320 3421 380 3494 6.ἡ
403 3429 457 3479 ΒΓ
471 3421 541 3493 πρὸς
558 3423 610 3495 τήν
628 3428 659 3481 Β.
717 3435 741 3484 7.
760 3426 817 3497 ἄρα
832 3427 894 3484 ἐστί
909 3428 942 3484 V.
999 3434 1039 3483 11.
1060 3361 1187 3488 οὐδέᾞ.

205 3501 247 3552 16.
267 3493 419 3568 σύμμετροι
438 3492 526 3568 μόνον
546 3497 577 3553 V.
635 3504 677 3553 16.
697 3494 755 3554 ἔστι
774 3501 835 3568 BV,
855 3518 946 3571 comp.
965 3500 1018 3554 Fb.
1076 3506 1119 3556 17.
1135 3500 1186 3575 δή]
