2474 3908
397 161 673 213 murmurosum
691 162 799 213 urana
817 163 850 214 x,
1067 159 1132 226 199

255 304 284 354 K
295 303 332 354 Μ
372 301 405 354 Ν
448 303 480 354 Η
514 302 608 368 drata
639 303 675 369 in
706 306 738 369 Γ
765 304 885 388 diuisa,
923 307 992 369 ΔΕ
1023 306 1132 370 autem

308 381 312 574 p
461 371 465 584 Ι
514 409 686 476 rationalis
708 410 761 494 sit,
785 414 818 474 et
835 412 944 476 rectae
965 413 1035 475 ΔΕ
1055 431 1133 495 qua·

377 585 401 608 Η
516 514 609 579 drato
624 519 656 579 A
661 513 703 580 Β2
723 517 856 601 aequale
871 516 1050 600 adplicetur
1065 521 1098 580 A
1104 519 1131 580 Z

259 585 285 638 Θ
298 588 324 636 ‘¹
373 605 398 643 μ’
454 587 475 637 Z
514 621 722 687 latitudinem
731 622 956 688 efficiensAH.
971 623 1052 702 dico,
1063 624 1137 688 ΔΗ

169 733 191 780 A
317 729 344 780 Γ
412 730 435 780 Β
516 749 556 792 ex
569 728 694 794 duobus
708 728 894 795 nominibus
910 732 1036 794 sextam
1051 749 1131 794 esse.

183 838 411 919 comparentur
430 834 516 899 enim
535 834 655 918 eadem,
679 857 761 919 quae
781 840 888 902 antea.
925 839 958 900 et
976 836 1131 920 quoniam

111 943 180 1005 AB
203 943 294 1006 recta
317 945 367 1006 est
390 940 516 1006 duobus
540 940 655 1024 spatiis
674 941 789 1008 mediis
809 941 952 1028 aequalis
972 941 1131 1024 quadrata

110 1046 149 1110 in
167 1046 201 1110 Γ
219 1045 331 1130 diuisa,
355 1047 430 1129 ΑΓ,
446 1047 508 1111 ΓΒ
526 1045 673 1129 potentia
690 1045 1033 1112 incommensurabiles
1053 1050 1131 1111 sunt

110 1151 289 1217 efficientes
300 1174 460 1217 summam
471 1150 702 1236 quadratorum
712 1152 853 1218 mediam
864 1155 895 1216 et
904 1152 1130 1238 rectangulum

110 1257 256 1324 medium
275 1261 307 1324 et
326 1260 496 1342 praeterea
515 1279 673 1322 summam
693 1259 926 1343 quadratorum
939 1258 1130 1343 rectangulo

107 1364 474 1430 incommensurabilem
498 1366 601 1448 [prop.
624 1362 723 1445 XLI].
770 1387 868 1450 quare
893 1387 932 1430 ex
958 1364 1019 1450 iis,
1047 1387 1129 1450 quae

109 1474 210 1536 antea
233 1470 456 1536 demonstrata
479 1473 567 1555 sunt,
592 1473 661 1534 ΔΛ
685 1474 717 1536 et
740 1474 812 1536 ΜΖ
836 1471 943 1537 media
966 1475 1051 1538 sunt.
1096 1475 1129 1536 et

108 1579 220 1642 rectae
247 1577 402 1642 rationali
431 1582 464 1641 A
470 1581 501 1641 E
532 1576 697 1661 adplicata
725 1581 811 1643 sunt.
862 1600 960 1662 quare
993 1581 1129 1664 utraque

110 1689 147 1748 A
153 1687 202 1767 M,
222 1686 305 1749 ΜΗ
319 1683 489 1749 rationalis
509 1686 559 1748 est
582 1686 614 1748 et
637 1687 744 1750 rectae
769 1688 839 1748 ΛΕ
860 1684 1063 1770 longitudine
1082 1685 1130 1749 in-

109 1789 413 1855 commensurabilis
430 1792 535 1874 [prop.
549 1788 669 1870 XXII].
692 1793 724 1854 et
739 1790 893 1875 quoniam
907 1795 939 1855 A
944 1789 989 1855 F²
1001 1793 1041 1874 -l-
1053 1787 1129 1856 1232

110 1899 148 1960 et
170 1895 323 1964 2ΑΓ><
339 1898 399 1961 ΓΒ
424 1895 765 1961 incommensurabilia
789 1900 878 1980 sunt,
906 1900 976 1961 ΔΛ
1000 1902 1034 1962 et
1056 1900 1129 1961 ΜΖ

109 2001 454 2067 incommensurabilis
477 2004 561 2066 sunt.
607 2023 706 2087 quare
729 2001 830 2066 etiam
858 2005 950 2085 AM,
974 2004 1058 2067 ΜΗ
1080 2003 1130 2066 in-

110 2107 422 2174 commensurabiles
442 2113 519 2173 sunt
543 2106 613 2190 [VI‚
635 2109 667 2191 13
690 2128 782 2191 prop.
797 2105 868 2186 XI].
904 2106 1015 2191 itaque
1039 2111 1129 2189 AM,

110 2217 197 2280 ΜΗ
209 2214 385 2280 rationales
405 2216 482 2278 sunt
500 2213 649 2297 potentia
667 2216 796 2277 tantum
811 2212 1128 2278 commensurabiles.

109 2341 190 2405 ergo
215 2324 292 2385 AH
310 2342 349 2385 ex
373 2320 498 2385 duobus
521 2319 708 2384 nominibus
732 2323 783 2383 est
807 2321 911 2402 [prop.
935 2317 1101 2400 XXXVI].

178 2426 243 2492 iam
267 2426 348 2510 dico,
371 2427 506 2492 eandem
529 2430 654 2492 sextam
677 2447 756 2491 esse.

179 2533 245 2597 iam
255 2555 368 2598 rursus
380 2533 530 2597 similiter
540 2533 844 2616 demonstrabimus,
854 2553 923 2597 esse
933 2535 1048 2600 AK><
1055 2536 1134 2598 ΚΜ

110 2637 276 2722 ==MN2,
299 2643 332 2704 et
356 2642 437 2723 ΛΚ,
461 2642 544 2704 ΚΜ
560 2639 763 2726 longitudine
785 2639 1127 2705 incommensurabiles

109 2766 191 2810 esse.
228 2745 341 2810 eadem
359 2744 460 2830 igitur
482 2745 521 2810 de
545 2767 644 2811 causa
660 2742 757 2812 AM²
780 2746 905 2811 excedit
928 2744 1025 2811 ΜΗἱί
1049 2768 1128 2831 qua-

108 2851 204 2916 drato
228 2855 335 2916 rectae
355 2851 418 2916 sibi
437 2850 640 2937 longitudine
658 2851 996 2918 incommensurabilis
1021 2854 1127 2935 [prop.

108 2955 248 3039 xvssn.
285 2962 318 3022 et
335 2961 453 3022 neutra
471 2961 632 3022 rectarum
651 2961 739 3039 AM,
754 2960 837 3021 ΜΗ
851 2960 958 3021 rectae
972 2957 1125 3022 rationali

107 3064 298 3148 propositae
323 3068 393 3128 ΛΕ
413 3064 617 3150 longitudine
641 3061 941 3128 commensurabilis
965 3066 1024 3128 est.

110 3290 210 3346 Theon
224 3290 359 3361 (BFVb).
418 3288 517 3364 πάλιν]
538 3308 592 3347 om.
607 3292 640 3348 V.
668 3289 776 3346 Deinde
791 3291 854 3346 add.
873 3297 932 3354 τοῖς
950 3289 1004 3362 πρὸ
1024 3288 1126 3348 τούτου

110 3361 209 3417 'l'heon
228 3362 363 3432 (BFVb).
421 3358 478 3434 ὅτι]
498 3381 582 3433 supra
601 3380 652 3419 scr.
671 3358 701 3416 F.
762 3369 804 3419 21.
824 3363 903 3434 ΚΜ]
923 3367 992 3417 ΜΗ
1006 3363 1037 3432 F,
1056 3380 1125 3419 corr.

107 3432 258 3559 ppdliclgpi
279 3451 315 3490 m.
336 3441 360 3489 2.
434 3441 476 3492 22.
501 3433 549 3489 dccl
573 3435 661 3489 ταῦτα
685 3433 745 3489 BV.
819 3440 862 3489 23.
887 3433 1044 3505 συμμέτρου
1066 3433 1126 3501 BF,
