2474 3908
135 181 201 246 216
524 178 727 231 ΣΤοιΧΕιεεΝ
746 174 773 232 ι’.

136 322 260 411 πρώτη.
288 320 372 410 ῥητὴ
394 319 433 389 δδ
451 318 559 406 ῆΕΖ·
585 318 644 389 ἐάν
669 319 707 387 δὲ
729 325 856 408 χωρίον
878 321 1067 408 περιέχηται
1091 317 1160 389 ὑπὸ

136 433 238 519 ῥητῆς
259 428 316 496 καὶ
337 432 396 514 τῆς
420 429 455 495 ἐκ
480 426 542 495 δύο
567 424 746 514 ὀνομάτων
765 426 908 513 πρώτης,
932 424 953 513 ῆ
972 428 1010 495 τὸ
1030 432 1160 515 χωρίον

137 535 308 622 δυναμένη
333 536 369 602 έν
387 533 451 603 δύο
472 532 647 621 ὀνομάτων
667 537 767 603 ἐστίν.
797 530 819 619 ῆ
839 531 904 622 άρα
922 559 960 602 το
980 541 1038 601 ΕΙ
1055 536 1160 602 δυνα-

136 641 219 728 μένη
250 641 285 708 ἐκ
314 639 378 708 δύο
410 637 587 727 ὀνομάτων
616 642 719 708 ἐστίν·
763 639 847 707 ὥστε
879 638 935 707 καὶ
967 636 988 726 ῆ
1020 667 1057 708 το
1087 650 1161 708 ΑΔ

102 771 117 821 σ
137 748 309 834 δυναμένη
334 749 456 815 ἐκδύο
481 744 658 833 ὀνομάτων
683 749 782 816 έστίν.
819 741 904 813 άλλά
928 749 970 834 δη
991 746 1159 816 δυνάσθω

137 851 158 941 ῆ
178 862 242 922 ΕΘ
264 858 323 940 τῆς
341 861 410 921 ΘΚ
431 860 544 941 μεῖζον
566 856 612 945 τῷ
636 851 701 921 άπὸ
721 851 935 939 άσυμμέτρου
953 854 1067 942 ἑαυτῆ
1102 861 1162 923 καί

138 964 228 1031 έστιυ
251 958 272 1048 ῆ
297 967 417 1047 μείζων
445 960 465 1047 ῆ
491 968 554 1028 ΕΘ
581 959 769 1047 σύμμετρος
794 964 834 1049 τῆ
868 962 1039 1049 έιωτειμένη
1074 964 1160 1050 ῥητῆ

135 1072 176 1157 τῆ
201 1075 263 1135 ΕΖ
286 1067 395 1155 μηκέτ’
435 1065 455 1153 ῆ
480 1065 546 1154 άρα
568 1073 638 1134 ΕΚ
659 1068 694 1134 ἐκ
718 1066 780 1134 δύο
806 1063 981 1154 ὀνομάτων
1010 1067 1080 1135 ἐστὶ
1107 1095 1159 1136 τε-

137 1176 250 1263 τάρτη.
278 1174 360 1263 ῥητῆ
387 1173 425 1243 δὲ
448 1171 469 1260 ῆ
490 1182 566 1241 ΕΖ·
591 1172 649 1242 ἐάν
669 1173 707 1241 δέ
729 1179 854 1262 χωρίον
877 1174 1068 1262 περιέχηται
1091 1171 1160 1243 ’ὑπὸ

86 1303 119 1355 10
138 1284 240 1370 ῥητῆς
258 1281 315 1349 καὶ
334 1283 392 1367 τῆς
411 1283 447 1348 ἐκ
467 1279 529 1348 δύο
550 1278 725 1368 ὀνομάτων
744 1279 911 1368 τετάρτης,
934 1278 955 1367 ῆ
974 1279 1012 1349 τὸ
1031 1286 1161 1370 χωρίον

139 1389 310 1474 δυναμένη
335 1385 459 1472 άλογός
478 1389 569 1454 ἐστιν
587 1384 607 1474 ῆ
627 1387 817 1473 καλουμένη
837 1393 965 1474 μείζων.
993 1384 1014 1472 ῆ
1034 1386 1100 1474 άρα
1118 1386 1159 1455 τὸ

138 1500 195 1561 ΕΙ
211 1498 336 1580 χωρίον
354 1496 525 1579 δυναμένη
546 1499 665 1579 μείζων
685 1496 789 1561 ἐστίν·
814 1492 897 1561 ώστε
915 1493 972 1561 καὶ
989 1491 1010 1580 ῆ
1029 1492 1067 1561 τὸ
1088 1503 1162 1561 ΑΔ

139 1599 309 1685 δυναμένη
333 1603 453 1686 μείζων
479 1601 577 1668 ἐστίν.

213 1703 309 1773 Ἀλλά
335 1704 377 1791 δῆ
402 1711 484 1774 ἔστω
514 1710 657 1774 ἔλασσον
686 1704 724 1775 τὸ
748 1715 814 1775 ΑΒ
840 1711 902 1774 τοῦ
924 1713 1000 1775 ΓΔ’
1037 1707 1092 1774 καὶ
1119 1706 1159 1775 τὸ

87 1836 120 1886 15
139 1819 213 1880 ΕΗ
227 1810 293 1896 άρα
308 1811 452 1881 ἔλασσόν
467 1814 536 1880 ἐστι
549 1817 611 1881 τοῦ
626 1820 691 1880 ΘΙ·
721 1811 805 1882 ώστε
818 1814 873 1882 καὶ
888 1811 908 1899 ῆ
924 1821 987 1882 ΕΘ
1006 1811 1162 1882 ἐλάσσων

140 1918 208 1987 ἐστὶ
231 1921 289 2005 τῆς
312 1923 386 1986 ΘΚ.
419 1916 495 2004 ῆτοι
519 1917 557 1985 δέ
579 1914 600 2003 ῆ
623 1925 692 1985 ΘΚ
713 1922 772 2004 τῆς
795 1926 857 1986 ΕΘ
880 1925 991 2005 μεῖζον
1017 1919 1163 1988 δύναται

139 2028 184 2117 τῷ
208 2022 274 2094 άπὸ
298 2025 489 2112 συμμέτρου
512 2025 613 2112 ἑαυτῆ
637 2019 657 2110 ῆ
682 2027 726 2116 τῷ
750 2021 816 2092 άπδ
840 2021 1062 2116 άσυμμέτρου.
1101 2030 1161 2094 δυ-

67 2200 71 2207 ,
140 2131 259 2202 νάσθω
281 2130 447 2221 πρότερον
470 2142 516 2223 τῷ
540 2128 605 2199 άπὸ
631 2131 823 2219 συμμέτρου
846 2133 946 2221 ἑαυτῆ
965 2132 1076 2221 μήκει·
1103 2139 1166 2202 καί

141 2242 231 2308 έστιν
255 2236 275 2326 ῆ
300 2237 452 2307 ἐλάσσων
475 2234 496 2323 ῆ
521 2244 584 2305 ΕΘ
607 2236 793 2326 σύμμετρος
815 2243 856 2327 τῆ
880 2241 1050 2329 έναιειμέυη
1076 2243 1161 2331 ῥητῇ

86 2367 121 2420 νο
139 2356 178 2436 τῆ
203 2353 266 2414 ΕΖ
289 2343 398 2432 μῆαει·
421 2341 443 2430 ῆ
468 2341 533 2429 άρα
557 2351 626 2410 ΕΚ
647 2347 682 2412 ἐκ
706 2343 769 2413 δύο
793 2344 970 2433 ὀνομάτων
994 2347 1064 2416 ἐστὶ
1088 2351 1162 2416 δευ-

140 2453 226 2541 τέρα.
265 2449 346 2537 ῥητῆ
371 2449 409 2518 δὲ
432 2447 453 2536 ῆ
477 2457 553 2516 ΕΖ·
591 2448 649 2519 έάν
674 2451 711 2519 δδ
733 2456 858 2539 χωρίον
881 2455 1070 2542 περιέχηται
1093 2451 1162 2524 ὑπο

141 2560 243 2644 ῥητῆς
264 2556 321 2623 καὶ
344 2559 403 2641 τῆς
422 2557 457 2623 ἐκ
477 2554 539 2623 δύο
560 2553 737 2644 ὀνομάτων
753 2559 919 2647 δευτέρας,
943 2557 1016 2647 ῆτὸ
1031 2566 1160 2648 χωρίον

141 2663 311 2749 δυναμένη
336 2663 371 2729 έκ
400 2660 462 2730 δύο
491 2663 602 2749 μέσων
631 2663 700 2732 έστί
727 2663 850 2752 πρώτη.
895 2664 916 2752 ῆ
945 2664 1010 2755 άρα
1037 2666 1076 2735 τὸ
1104 2674 1164 2736 ΕΙ

139 2778 265 2863 χωρίον
290 2773 459 2858 δυναμένη
485 2774 520 2840 έκ
545 2769 608 2840 δάο
626 2773 738 2857 μέσων
758 2773 828 2842 ἐστὶ
845 2773 973 2859 πρώτη·
1000 2772 1084 2842 ὥστε
1102 2775 1172 2842 καὶ·

87 2877 160 2968 νῠῆ
184 2878 222 2949 τὸ
247 2889 318 2948 ΑΔ
342 2880 512 2966 δυναμένη
537 2878 658 2946 ἐκδύο
682 2880 793 2965 μέσων
817 2879 886 2947 ἐστί
909 2879 1032 2968 πρώτη.
1074 2879 1162 2950 άλλά

213 3049 238 3096 2.
258 3038 350 3111 ῥητῶν
369 3040 403 3096 V.
477 3044 502 3094 3.
523 3032 567 3109 ἔτι]
590 3033 606 3119 ἡ
626 3033 658 3093 έιι
677 3039 707 3093 Ε.
781 3033 842 3093 ἔστί
857 3037 886 3095 Ρ.
959 3034 1068 3130 ᾑάρα]
1089 3056 1161 3096 corr.

142 3118 362 3252 ῗόιῖἶῖάιῆά
381 3111 446 3236 Ρί.
465 3107 542 3234 έάί
559 3113 580 3247 ὀ
595 3110 760 3236 ῗὲιῗῆίδί.
779 3114 835 3238 ιδ’
855 3111 1164 3256 ὃόνάρῗέέῖἕῗοθέ

141 3271 178 3307 m.
199 3260 214 3306 2
233 3253 263 3308 F.
337 3252 439 3321 μείζων
462 3253 490 3306 b.
569 3250 727 3320 συμμέτρου
746 3252 784 3321 Β,
808 3254 858 3309 sed
876 3272 946 3310 corr.
1026 3259 1049 3309 7.
1070 3249 1161 3324 ἐστιν]

142 3320 209 3392 ἔστι,
229 3339 421 3392 suprascm,
441 3323 477 3388 B;
498 3318 567 3375 έστω
581 3320 612 3375 Ρ.
666 3319 696 3392 ἡ]
718 3322 819 3397 (prius)
838 3340 892 3381 om.
912 3327 943 3381 B.
1004 3329 1047 3379 11.
1062 3329 1162 3395 μεῖζον

141 3394 175 3462 V,
199 3394 248 3449 sed
267 3410 337 3448 corr.
394 3390 728 3463 12.E1]1inras.F.
787 3401 829 3452 15.
850 3396 1161 3468 Θ1]ΘΚλ)εόοοτι·.

141 3464 281 3521 exffl'F.
337 3459 459 3533 ΕΘάρα
469 3465 496 3518 b.
548 3458 664 3518 ἔλασσον
674 3465 700 3519 b.
754 3472 796 3524 17.
807 3461 1093 3538 ουμμέτρον-άπό]
1102 3483 1161 3536 mg.

66 3543 210 3682 ql
225 3537 255 3592 P.
312 3533 482 3610 συμμέτρου]
497 3531 675 3607 άσνμμέτρου
691 3535 726 3606 V,
743 3538 792 3593 sed
807 3559 825 3593 α
841 3554 910 3595 eras.
966 3533 1161 3609 άσυμμέτρου]

76 3649 110 3682 τ’
