2474 3908
168 163 231 226 148
552 162 753 215 ΣυοιΧΕυιΝ
771 157 797 214 ι’.

167 305 234 372 ἐστὶ
257 302 295 372 τὸ
319 301 384 371 άπὸ
408 307 467 389 τῆς
485 310 547 370 ΕΖ
565 307 610 396 τῷ
635 301 700 371 άπὸ
724 307 782 390 τῆς
807 310 885 370 ΖΗ·
926 301 1008 391 ῥητὴ
1028 301 1096 390 άροι
1116 307 1184 376 ἐστὶ

166 411 221 477 καὶ
245 408 265 495 ἡ
290 417 366 477 ΖΗ.
413 411 468 476 καὶ
492 410 561 477 ἐπεὶ
585 407 602 477 ὁ
627 418 694 477 ΒΑ
716 410 800 497 πρὸς
822 409 883 478 τὸν
906 415 975 477 ΑΓ
993 409 1099 497 λόγον
1125 412 1184 482 οὐκ

168 521 249 602 ἔχει,
278 511 319 583 ὃν
345 518 553 603 τετράγωνος
577 515 724 603 ἀριθμὸς
746 516 829 603 πρὸς
851 516 1063 603 τετράγωνον
1088 516 1185 607 άριθ-

167 621 249 709 μόν,
286 620 367 691 οὐδὲ
398 622 435 690 τὸ
475 621 541 690 άπὸ
574 627 633 709 τῆς
665 630 729 690 ΕΖ
757 621 840 708 πρὸς
866 621 905 690 τὸ
936 621 1001 691 άτιό
1029 628 1091 710 τῆς
1120 633 1186 693 ΖΗ

131 754 146 802 5
167 727 269 814 λόγον
293 733 374 815 ἔχει,
405 724 445 795 ὃν
468 727 674 816 τετράγωνος
697 726 844 815 ἀριθμὸς
866 727 950 816 πρὸς
971 731 1186 816 τετράγωνον

166 832 330 922 άριθμόν·
360 833 568 923 άσάμμετρος
592 834 657 918 άρα
681 837 771 903 ἐστὶν
794 833 814 921 ἡ
840 843 901 903 ΕΖ
926 845 964 924 τῇ
988 841 1060 903 ΖΗ
1079 837 1184 925 μήκει.

166 945 204 1008 αί
220 947 293 1026 ΕΖ,
313 949 384 1009 ΖΗ
399 939 464 1030 άροι
488 944 588 1028 ῥηταί
607 946 671 1009 εἰσι
696 941 836 1029 δυνάμει
860 941 968 1028 μόνον
987 941 1183 1031 σύμμετροι·

167 1046 250 1116 ὥστε
273 1045 293 1133 ἡ
318 1055 393 1115 ΕΗ
413 1048 534 1116 ἐκδύο
559 1046 735 1135 ὀνομάτων
758 1050 858 1116 ἐστίν.

232 1156 330 1239 Λέγω
350 1153 404 1240 δή,
429 1151 481 1222 ὅτι
503 1155 559 1221 καὶ
582 1153 728 1242 τετάρτη.
805 1174 809 1178 “

115 1286 147 1334 10
230 1258 319 1327 Ἐπεὶ
342 1259 407 1347 γάρ
434 1263 523 1328 ἐστιν
547 1258 592 1340 ὡς
615 1258 633 1328 ὁ
653 1269 720 1328 BA
742 1260 825 1347 πρὸς
847 1260 907 1329 τὸν
925 1265 1000 1347 ΑΓ,
1020 1258 1129 1341 οὕτως
1146 1260 1184 1330 τὸ

166 1365 231 1434 άπὸ
255 1377 313 1452 τῆς
331 1373 393 1433 ΕΖ
412 1364 496 1454 πρὸς
522 1364 560 1434 τὸ
589 1365 653 1434 άπὸ
677 1370 736 1453 τῆς
759 1374 831 1434 ΖΗ
856 1371 989 1452 [μείζων
1013 1366 1051 1434 δὲ
1074 1365 1092 1435 ὁ
1118 1376 1184 1436 ΒΑ

165 1475 227 1539 τοῦ
250 1476 348 1556 ΑΓ],
378 1478 489 1558 μεῖζον
518 1471 583 1560 άρα
610 1473 647 1540 τὸ
677 1469 742 1540 άπὸ
771 1476 829 1558 τῆς
857 1479 919 1539 ΕΖ
944 1476 1006 1540 τοῦ
1033 1469 1099 1542 άπὸ
1126 1479 1186 1562 τῆς

168 1584 243 1647 ΖΗ.
281 1583 363 1646 ἔστω
388 1571 452 1647 οὖν
474 1582 519 1670 τῷ
544 1576 608 1646 άπὸ
632 1590 690 1665 τῆς
709 1586 771 1646 ΕΖ
791 1587 846 1646 ἴσα
868 1577 908 1646 τά
929 1577 995 1646 άπὸ
1016 1583 1085 1647 τῶν
1106 1589 1184 1668 ΖΗ,

167 1693 207 1754 Θ·
245 1682 493 1772 ἀναστρέψαντι
525 1683 589 1772 άροι
617 1683 661 1764 ὡς
691 1683 709 1752 ὁ
737 1694 801 1753 ΑΒ
830 1682 976 1772 ἀριθμὸς
1009 1685 1094 1774 πρὸς
1125 1686 1185 1757 τὸν

115 1814 147 1863 15
167 1796 242 1878 ΒΓ,
267 1790 371 1870 οὕτως
394 1788 432 1858 τὸ
457 1787 521 1858 άπὸ
544 1801 603 1877 τῆς
622 1797 685 1858 ΕΖ
704 1790 787 1879 πρὸς
809 1789 847 1857 τὸ
872 1787 937 1859 άπὸ
958 1794 1016 1878 τῆς
1034 1799 1070 1860 Θ.
1109 1791 1186 1863 ὁδε

165 1908 198 1965 Α
204 1905 232 1965 Β
251 1895 333 1984 πρὸς
351 1895 411 1964 τὸν
431 1902 497 1964 ΒΓ
510 1896 614 1983 λόγον
630 1895 691 1965 οὐκ
706 1902 781 1984 ἔχει,
805 1893 846 1965 ὃν
860 1896 1067 1986 τετράγωνος
1085 1897 1185 1988 άρνθ-

167 2001 229 2091 μὸς
255 2000 339 2090 πρὸς
374 2002 584 2091 τετράγωνον
618 2002 781 2092 άριθμόν·
834 2000 909 2071 οὐδ’
946 2001 1012 2090 άροι
1047 2003 1085 2073 τὸ
1118 2006 1183 2076 ἀπὸ

165 2114 224 2195 τῆς
247 2116 309 2177 ΕΖ
332 2108 417 2196 πρὸς
438 2108 476 2177 τὸ
501 2106 565 2176 άπὸ
587 2113 645 2195 τῆς
669 2116 698 2176 Θ
720 2109 824 2196 λόγον
848 2115 929 2197 ἔχει,
956 2106 997 2177 ὃν
1020 2112 1184 2200 τετράγω-

166 2242 225 2296 νος
253 2214 399 2304 ἀριθμὸς
427 2214 510 2303 πρὸς
537 2214 748 2304 τετράγωνον
776 2214 933 2303 ἀριθμόν.
975 2214 1184 2308 ἀσύμμετρος

115 2345 149 2394 20
169 2320 235 2411 άροι
268 2322 357 2390 ἐστὶν
387 2320 406 2408 ἡ
435 2329 497 2388 ΕΖ
524 2326 564 2410 τῇ
592 2329 621 2389 Θ
649 2323 758 2409 μήκει·
795 2320 815 2408 ἡ
844 2328 907 2388 ΕΖ
935 2323 1000 2411 άροι
1031 2327 1090 2411 τῆς
1117 2332 1184 2393 ΗΖ

167 2434 278 2514 μεῖξον
303 2426 445 2494 δύναται
468 2431 512 2518 τῷ
537 2425 602 2494 άιιὸ
628 2425 841 2515 ἀσυμμέτρου
865 2427 974 2516 ἑαυτῇ.
1015 2435 1076 2497 καί
1098 2435 1185 2500 εἰσιν

167 2535 204 2598 αι’
225 2539 302 2619 ΕΖ,
328 2538 397 2598 ΖΗ
418 2532 514 2619 ῥηταὶ
542 2532 684 2619 δυνάμει
713 2535 819 2621 μόνον
848 2533 1047 2622 σύμμετροι,
1075 2538 1132 2605 καὶ
1163 2535 1183 2624 ἡ

167 2644 228 2703 ΕΖ
251 2647 291 2726 τῇ
315 2644 348 2703 Δ
373 2636 558 2726 σύμμετρός
581 2639 649 2706 ἐστι
675 2638 780 2726 μήκει.

226 2741 273 2811 Ἡ
291 2751 364 2811 ΕΗ
390 2741 456 2832 άροι
484 2745 518 2811 ἐκ
542 2743 605 2812 δύο
630 2744 807 2832 ὀνομάτων
832 2747 900 2814 ἐστὶ
923 2747 1077 2836 τετάρτη·
1102 2747 1183 2834 ὅπερ

113 2875 148 2926 25
167 2855 233 2919 ἔδει
261 2853 374 2932 δεῖξαι.

241 3091 263 3136 1.
282 3082 350 3138 Post
369 3084 429 3136 ΖΗ
445 3081 508 3135 add,
529 3078 598 3152 ῥητὴ
617 3081 649 3137 δὲ
669 3085 736 3152 (seq.
756 3099 809 3138 ras.
831 3089 845 3136 1
864 3083 921 3139 litt.
940 3085 973 3152 F)
991 3079 1009 3154 ἡ
1030 3089 1082 3141 ΕΖ
1101 3088 1129 3156 b,
1148 3104 1184 3142 m.

167 3154 232 3208 ΖΕ.
306 3149 375 3223 ῥητὴ
396 3147 465 3223 ἄρα]
485 3147 503 3221 ἡ
523 3156 576 3206 ΕΖ
594 3149 663 3224 ῥητὴ
682 3149 740 3223 άροι
761 3154 835 3208 Vm.
850 3160 875 3223 2,
895 3152 964 3226 ῥητή
985 3152 1061 3212 ἐστιν
1080 3152 1139 3228 άροι
1158 3159 1185 3215 b.

203 3218 277 3295 ἔστί]
298 3240 351 3279 om.
372 3225 399 3291 b,
420 3220 495 3278 ἐστίν
513 3222 569 3277 PB.
641 3230 665 3278 2.
685 3226 751 3296 καί]
771 3225 870 3295 (prius)
890 3243 945 3281 om.
964 3225 1048 3285 BFb.
1122 3229 1186 3300 ΒΑ]

166 3298 216 3349 AB
234 3293 266 3348 P.
322 3289 388 3365 οὖν]
407 3295 507 3364 postea
520 3295 583 3350 add.
598 3294 711 3351 m.1F.
772 3302 795 3351 6.
815 3297 860 3368 τῇ]
881 3298 931 3366 τῆς
944 3299 971 3354 b.
1028 3297 1186 3356 7.είσινΒ.

202 3369 228 3419 8.
248 3360 310 3420 ἐστί
324 3365 387 3432 BV,
407 3373 495 3434 comp.
515 3363 568 3421 Fb.
642 3371 666 3419 9.
686 3362 839 3491 ὃήρεομτο
858 3385 908 3423 scr.
928 3388 965 3424 m.
986 3375 1000 3422 1
1020 3369 1048 3424 P.
1120 3371 1186 3442 καί]

75 3440 117 3501 ’,
166 3436 289 3491 ΜΕ.
364 3441 407 3490 10.
427 3434 490 3505 ΒΑ]
511 3452 579 3490 corr.
599 3452 633 3490 ex
652 3441 701 3490 AB
748 3480 753 3492 .
827 3436 889 3510 τόν]
909 3455 964 3494 our.
982 3440 1043 3510 Bb,
1063 3458 1135 3497 corr.
1154 3460 1188 3498 ex

70 3452 200 3678 'a'
222 3506 385 3563 m.rec.P.
460 3514 500 3563 11.
521 3508 674 3577 μείζων-
697 3515 737 3563 12.
757 3510 827 3581 ΑΓ]
851 3528 906 3580 mg.
932 3530 967 3566 m.
988 3518 1002 3565 1
1026 3513 1057 3568 in
1080 3513 1185 3571 ΜΡ.
