2474 3908
372 191 647 243 aununuToauu
664 192 773 242 amau
791 192 824 244 x,
1062 188 1107 252 45

86 334 171 399 biles
187 338 260 416 AB,
275 336 345 398 ΒΓ.
369 333 461 417 dico,‹
473 335 571 399 etiam
594 338 700 399 totum
720 336 789 398 ΑΓ
802 333 931 417 utrique
953 336 1028 416 AB,
1045 336 1113 398 ΒΓ

86 439 380 507 commensurabile
403 461 482 504 esse.

158 569 233 612 nam
250 547 403 630 quoniam
420 552 450 611 Α
455 550 492 624 Β,
511 548 578 611 ΒΓ
591 546 899 612 commensurabiles
914 549 1000 630 sunt,
1019 567 1108 633 mag-

87 654 202 719 nitudo
227 654 336 737 aliqua
359 674 413 718 eas
442 653 603 718 metietur.
650 653 804 719 metiatur
827 657 859 718 et
887 655 932 718 sit
956 659 996 718 A.
1043 654 1108 717 iarn

24 808 27 811 Δ
98 791 104 830 1
344 791 348 829 ι
536 791 539 829 ι
599 761 754 845 quoniam
796 765 829 824 A
867 759 1108 844 magnitudines

89 835 113 884 A
334 834 355 883 Β
525 833 551 882 P
597 871 673 950 AB,
691 870 758 932 ΒΓ
777 868 918 950 metitur,
942 867 1040 931 etiam
1059 871 1107 931 to-

206 941 336 991 ⁸*—'A
596 976 668 1038 tum
691 975 759 1038 ΑΓ
785 974 945 1038 metietur.
994 995 1107 1038 uerum

90 1081 190 1146 etiam
218 1085 296 1163 AB,
319 1082 386 1145 ΒΓ
403 1080 544 1145 metitur.
587 1084 620 1143 A
638 1080 740 1164 igitur
763 1082 842 1162 AB,
860 1080 936 1161 ΒΓ,
959 1081 1028 1143 ΑΓ
1046 1101 1109 1143 me

90 1187 180 1252 titur.
215 1207 292 1272 ergo
317 1192 348 1251 Α
355 1189 387 1252 Γ
406 1186 534 1272 utrique
557 1189 635 1265 AB,
655 1188 722 1250 ΒΓ
736 1185 1035 1250 commensurabilis
1059 1189 1110 1250 est

92 1292 169 1374 [def.
189 1294 232 1373 1].

158 1399 230 1464 Iam
262 1421 340 1465 uero
368 1402 447 1482 ΑΓ,
475 1404 508 1463 A
515 1403 544 1464 Β
573 1399 881 1465 commensurabiles
915 1400 989 1466 sint.
1026 1400 1108 1484 dico,

90 1506 193 1570 etiam
217 1510 291 1590 AB,
314 1509 383 1571 ΒΓ
401 1506 711 1571 commensurabiles
735 1527 814 1571 esse.

158 1632 235 1676 nam
274 1613 427 1697 quoniam
459 1615 536 1690 ΑΓ,
571 1617 637 1676 ΑΒ
670 1613 980 1678 commensurabiles
1019 1616 1109 1696 sunt,

91 1718 284 1802 magnitudo
304 1719 414 1802 aliqua
433 1740 486 1783 eas
506 1721 667 1784 metietur.
690 1719 845 1785 metiatur
864 1723 898 1784 et
915 1721 958 1784 sit
977 1723 1019 1782 A.
1042 1719 1108 1783 iam

93 1825 247 1910 quoniam
266 1829 299 1888 A
318 1825 558 1910 magnitudines
577 1828 651 1908 ΓΑ,
669 1829 735 1890 ΑΒ
755 1826 897 1906 metitur,
917 1826 1017 1890 etiam
1034 1825 1108 1889 reli-

93 1953 190 2017 quam
209 1935 238 1996 Β
244 1935 276 1997 Γ
290 1933 450 1998 metietur.
487 1954 599 1996 uerum
623 1933 723 1997 etiam
741 1936 807 1997 AB
826 1932 967 1997 metitur.
1001 1936 1034 1996 A
1048 1931 1108 2016 igi·

92 2041 149 2102 tur
170 2041 250 2124 AB,
273 2041 339 2104 ΒΓ
358 2038 519 2105 metietur.
551 2039 661 2123 itaque
684 2042 763 2120 AB,
787 2041 853 2103 ΒΓ
871 2060 1109 2104 commensura-

94 2144 177 2209 biles
204 2150 308 2209 erunt.

160 2249 250 2336 Ergo
274 2252 303 2315 si
327 2251 408 2316 duae
431 2250 682 2336 magnitudines,
705 2255 738 2315 et
760 2273 844 2336 qnae
864 2253 1050 2335 sequuntur.

558 2427 645 2495 XVI.

163 2548 196 2615 Si
227 2551 309 2616 duae
337 2552 579 2637 magnitudines
607 2553 951 2618 incommensurabiles
980 2573 1109 2635 compo·

93 2661 227 2742 nuntur,
250 2659 350 2723 etiam
373 2660 480 2724 totum
503 2657 631 2742 utrique
652 2680 763 2725 aarum
782 2659 1109 2725 incommensurabile
1149 2741 1152 2746 .

95 2768 159 2847 est3
184 2767 216 2829 et
235 2763 264 2830 si
281 2767 389 2830 totum
407 2765 556 2830 alterutri
576 2786 687 2830 aarum
706 2765 1032 2831 incommensurabile
1052 2769 1109 2848 est,

94 2872 195 2948 etiam
219 2870 462 2954 magnitudines
492 2871 533 2935 ab
561 2871 655 2937 initio
682 2873 811 2956 positae
838 2873 1109 2937 incommensura-

93 2976 177 3040 biles
201 2981 304 3042 erunt.

163 3081 409 3168 Componantur
437 3085 524 3148 enim
549 3083 631 3148 duae
654 3083 892 3169 magnitudines
916 3084 1110 3150 incommen-

94 3190 256 3254 surabiles
274 3195 307 3254 A
312 3192 349 3274 B,
368 3192 439 3256 ΒΓ.
464 3190 545 3274 dieo,
564 3190 664 3255 etiam
683 3193 790 3255 totum
809 3193 878 3255 ΑΓ
892 3191 1020 3276 utrique
1034 3195 1108 3277 AB,

95 3297 162 3359 ΒΓ
181 3295 507 3361 incommensurabile
531 3318 611 3363 esse.

95 3470 162 3536 21³3
182 3468 219 3538 ιη’
233 3470 265 3539 Β,
284 3489 340 3540 mg.
355 3467 400 3530 ις’.
453 3478 493 3528 19.
514 3470 672 3543 σύμμετρον
684 3474 716 3542 Β,
736 3489 804 3529 corr.
820 3491 856 3529 m.
868 3478 899 3540 23
917 3474 987 3528 item
1001 3474 1050 3528 lin.
1066 3480 1108 3529 20.

131 3546 175 3596 al.
194 3543 409 3612 συγκείσθωσαν
426 3543 460 3599 V.
534 3543 602 3614 ΒΓ]
621 3561 691 3600 corr.
710 3561 745 3599 ox
764 3547 814 3599 ΓΒ
834 3545 864 3600 F.
