2474 3908
126 168 191 232 132
511 169 713 223 ΣΤΟΙΧΕΙΩΝ
732 164 759 223 ι’.

128 309 215 378 εἶναι
238 309 402 389 ποιούσας
429 307 466 378 τὸ
494 310 556 397 μὲν
585 315 804 397 συγκείμενον
832 311 868 377 έκ
897 314 964 379 τοῖν
988 307 1054 379 ἀπὸ
1079 315 1149 379 ταῖν

125 423 202 503 ΑΓ,
226 423 289 484 ΓΒ
313 418 432 505 μέσον,
460 415 498 485 τὸ
527 417 563 484 δὲ
590 419 642 497 δὶς
665 414 730 485 ὑπὸ
753 420 822 486 τῶν
844 422 920 502 ΑΓ,
944 422 1005 485 ΓΒ
1029 417 1148 504 ῥητόν·

128 526 230 610 λέγω,
256 522 308 592 ὅτι
332 522 353 612 ἡ
378 531 443 592 ΑΒ
464 522 532 593 κατ’
559 523 641 592 ἄλλο
665 537 805 611 σημεῖον
829 521 870 591 οὐ
894 526 1082 609 διαιρεῖται.

195 634 240 696 Ec
262 629 326 716 γὰρ
351 631 513 717 δυνατόν,
543 629 718 720 διῃρήσθω
741 630 796 697 καὶ
820 628 903 697 κατδι
925 628 964 698 τὸ
986 637 1034 716 Δ,
1064 627 1147 698 ὥστε

92 736 182 808 ὁκαὶ
211 734 269 816 τὰς
292 744 375 824 ΑΔ,
400 745 467 805 ΔΒ
491 737 633 824 δυνάμει
660 734 892 825 ἀσυμμέτρους
919 732 1006 804 εἶναι
1031 736 1148 805 ποιού-

128 862 189 922 σας
216 841 253 911 τὸ
282 843 345 931 μέν
378 848 596 930 συγκείμενον
629 845 664 911 έκ
691 854 759 912 τῶν
788 841 852 912 ἀπὸ
882 853 950 912 τῶν
972 852 1056 930 ΑΔ,
1082 851 1149 912 ΔΒ

128 951 242 1036 μέσον,
266 948 304 1018 τὸ
330 951 367 1019 δὲ
392 952 444 1031 δὶς
466 949 531 1019 ὑπὸ
555 955 623 1019 ταῖν
642 959 724 1036 ΑΔ,
741 957 808 1017 ΔΒ
831 949 944 1037 ῥητόν.
982 950 1052 1018 ἐπεὶ
1073 942 1148 1038 οὖν,

129 1046 156 1146 ᾦ
181 1058 333 1144 διαφέρει
357 1061 394 1126 τὸ
420 1058 472 1137 δὶς
489 1053 554 1125 ὑπὸ
577 1066 646 1125 τῶν
664 1061 739 1143 ΑΓ,
758 1062 820 1124 ΓΒ
838 1059 899 1124 τοῦ
919 1056 970 1136 δὶς
992 1053 1060 1125 ὑπὸ
1080 1061 1149 1126 τῶν

128 1170 210 1248 ΑΔ,
235 1170 313 1248 ΑΒ,
338 1162 446 1254 τούτῳ
475 1165 627 1250 διαφέρει
653 1160 771 1229 καὶτὰ
795 1159 861 1229 ἀπὸ
885 1172 952 1230 τῶν
975 1170 1057 1249 ΑΛ,
1083 1170 1151 1231 ΔΒ

79 1291 113 1339 10
130 1278 200 1334 τῶν
225 1266 288 1335 ἀπὸ
313 1273 383 1337 τῶν
405 1274 480 1353 ΑΓ,
504 1275 581 1352 ΓΒ,
609 1266 646 1336 τδ
673 1267 710 1335 δὲ
734 1268 785 1348 δὶς
807 1265 874 1337 ὑπὸ
897 1272 966 1337 τοῖν
988 1274 1064 1355 ΑΓ,
1090 1275 1151 1338 ΓΒ

128 1377 189 1443 τοῦ
219 1374 271 1452 δὶς
298 1371 364 1441 ὑπὸ
394 1385 462 1441 τῶν
489 1382 575 1458 ΑΔ,
607 1381 673 1440 ΑΒ
701 1371 853 1462 ὑπερέχει
885 1376 990 1467 ῥητῷ,
1022 1377 1080 1444 καὶ
1110 1375 1151 1444 τὰ

129 1475 195 1546 ἀπὸ
219 1482 288 1547 τῶν
314 1489 398 1564 ΑΛ,
422 1487 489 1547 ΑΒ
518 1478 583 1566 ἄρα
611 1486 679 1548 τῶν
707 1479 772 1549 ιἰπδ
804 1485 873 1549 τῶν
896 1486 977 1567 ΑΓ,
1001 1487 1064 1550 ΓΒ
1092 1480 1152 1551 ὑπ·

129 1585 234 1671 ερέχει
254 1587 342 1678 ῥητῷ
362 1587 447 1672 μέσα
466 1585 560 1654 ὄντα·
585 1584 665 1674 ὅπερ
686 1587 777 1655 ἐστὶν
795 1584 977 1656 ἀδύνατον.
1001 1586 1064 1657 οὐκ
1083 1587 1152 1678 ἄρα

130 1688 151 1777 ἡ
176 1690 282 1777 ῥητὸν
304 1692 360 1759 καὶ
384 1693 486 1779 μέσον
511 1695 681 1780 δυναμένη
705 1692 773 1760 κατ’
799 1693 881 1762 ἄλλο
904 1695 960 1763 καὶ
984 1693 1069 1762 ἄλλο
1095 1714 1152 1783 ση-

79 1823 112 1870 15
132 1810 228 1885 μείου
261 1802 447 1884 διαιρεῖται.
497 1798 580 1867 κατὰ
613 1802 650 1866 ἓν
683 1797 749 1887 ἄρα
786 1813 926 1888 σημεῖον
959 1800 1152 1891 διαιρεῖται·

133 1902 214 1993 ὅπερ
239 1909 308 1972 ἔδει
333 1907 446 1986 δεῖξαι.

613 2013 670 2099 μί·

194 2133 239 2203 Ἡ
265 2136 337 2205 δύο
370 2137 468 2223 μέσα
501 2138 702 2224 δυναμένη
735 2133 819 2204 καθ’
854 2140 896 2204 ἓν
928 2135 1053 2224 μόνον
1088 2156 1153 2225 ση-

133 2257 246 2329 μεῖον
271 2248 497 2329 διαιρεῖται.

82 2371 116 2420 20
193 2349 310 2416 Ἔστω
335 2347 413 2431 [δύο
433 2349 516 2434 μέσα
536 2349 721 2436 δυναμένη]
740 2346 761 2436 ἡ
781 2357 847 2418 ΑΒ
867 2350 1052 2439 διηρημένη
1070 2348 1154 2418 αατδι

133 2453 171 2522 τὸ
194 2459 235 2540 Γ,
259 2453 345 2520 ὥστε
368 2451 427 2532 τὰς
449 2460 528 2539 ΑΓ,
551 2461 612 2521 ΓΒ
638 2458 779 2542 δυνάμει
807 2452 1039 2542 ἀσυμμέτρους
1066 2455 1154 2525 εἶναι

133 2560 296 2639 ποιούσας
318 2558 356 2626 τό
380 2585 415 2627 τε
438 2566 657 2647 συγκείμενον
682 2564 718 2629 ἐκ
740 2566 809 2629 τῶν
828 2559 893 2629 ἀπὸ
917 2566 985 2630 τῶν
999 2568 1077 2649 ΑΓ,
1093 2569 1153 2631 ΓΒ

135 2666 238 2752 μέσον
261 2666 317 2732 καὶ
341 2663 378 2733 τὸ
402 2664 468 2734 ὑπὸ
493 2670 560 2734 τῶν
583 2673 663 2754 ΑΓ,
687 2673 749 2735 ΓΒ
772 2668 875 2755 μέσον
898 2668 954 2734 καί
977 2673 1024 2737 έτι
1049 2665 1155 2756 ἀσύμ-

134 2797 257 2859 μετρον
280 2775 326 2864 τῷ
352 2773 556 2864 συγκειμένῳ
585 2775 621 2841 έκ
648 2778 717 2842 τῶν
740 2771 794 2841 ἄπ’
819 2771 940 2843 αὐτῶν.
976 2775 1078 2862 λέγω,
1103 2775 1156 2844 ὅτι
1180 2804 1186 2820 ·

82 2875 156 2965 εσὴ
185 2885 251 2946 ΑΒ
278 2877 346 2946 κατ’
377 2878 461 2948 ἄλλο
492 2893 631 2967 σημεῖον
659 2877 701 2948 οὐ
729 2884 905 2967 διαιρεῖται
937 2886 1084 2950 ποιοῦσα
1116 2881 1156 2951 τὰ

135 2993 345 3073 προκείμενα.

209 3172 231 3217 2.
255 3165 350 3235 ΓΒ]’
341 3182 371 3218 1n
385 3182 439 3219 ras
453 3164 488 3221 V.
543 3161 634 3251 δέ]δ’
650 3164 672 3217 Β
675 3166 880 3257 συγκείμενον
896 3162 928 3220 έκ
941 3165 1047 3221 τωνδί
1103 3166 1157 3238 δίς]

139 3252 193 3290 om
214 3235 313 3289 Theon
333 3234 467 3303 (BFVb).
540 3231 611 3307 δπό]
631 3252 701 3291 corr.
721 3252 756 3290 ex
773 3231 831 3291 από
851 3238 884 3292 V.
958 3243 983 3293 3.
1001 3236 1157 3308 Ροεδίέγα

138 3321 194 3360 ras
215 3305 305 3359 llitt.
324 3305 355 3359 F.
415 3310 465 3359 AB
484 3300 590 3361 εὐθεῖα
608 3307 641 3361 V.
695 3313 721 3361 4.
741 3308 805 3395 καί]
827 3325 880 3363 om.
899 3307 955 3376 Bb,
974 3310 1074 3400 postea
1092 3309 1157 3364 add.

138 3375 201 3433 FV.
274 3380 298 3429 Β
323 3377 388 3447 καί]
416 3392 569 3446 suprascr
588 3377 622 3432 V.
695 3384 720 3433 6.
743 3374 801 3434 απὸ
820 3380 930 3434 τῶν-
948 3351 975 3434 ’7.
999 3376 1137 3452 ρητόν]
1129 3398 1158 3434 m

138 3463 192 3502 rae.
212 3465 248 3501 m.
270 3447 334 3501 lF.
408 3454 432 3502 6
453 3447 602 3519 ΔΒ]ΔΒ
619 3449 716 3504 ΚΖΒ.
779 3456 804 3507 7
823 3445 917 3521 δε]δ
938 3450 1021 3519 BFb,
1040 3450 1158 3522 dbwy·

138 3520 271 3588 κείμενον
291 3514 323 3572 ἐκ
342 3518 400 3573 τῶν
418 3518 451 3575 V.
507 3519 562 3591 δίς]
583 3536 636 3574 om.
656 3519 755 3574 Theon
773 3521 907 3593 (BFVb).
973 3528 1015 3578 10.
1035 3521 1082 3595 δέ]
1103 3539 1158 3579 om.
