2474 3908
163 169 227 232 140
547 171 751 223 nomm
770 166 797 224 ι’.

160 309 316 398 Θμήκει·
345 308 366 397 ή
390 316 452 377 ΕΖ
476 309 543 399 άρα
564 316 624 398 τής
646 319 718 379 ΖΗ
741 317 853 398 μεῖζον
877 309 1017 378 δύναται
1041 321 1089 403 τῷ
1115 309 1183 380 άπὸ

161 419 350 505 συμμέτρου
383 418 494 505 ἑαυτῇ.
538 424 598 485 καί
622 422 687 486 εἰσι
715 417 812 506 ῥητοὶ
840 421 878 484 αἱ
903 424 980 502 ΕΖ,
1009 425 1092 503 ΖΗ,
1125 418 1183 486 καὶ

161 523 348 611 σύμμετρος
370 521 391 610 ή
416 531 477 591 ΕΖ
500 528 540 613 τή
565 532 599 591 Λ
621 523 726 612 μήκει.

223 627 268 696 Ἠ
286 636 360 697 ΕΗ
378 629 444 717 άροι
468 631 504 698 ἐκ
532 630 595 698 δύο
624 629 801 718 ὀνομάτων
828 630 897 699 ἐστὶ
924 630 1052 718 κράτη·
1098 629 1182 720 ὅπερ

126 759 141 806 5
162 739 230 803 ἔδει
254 737 369 817 δεῖξαι.

639 825 706 912 μάθ’.

229 946 383 1037 Εὑρεῖν
406 949 479 1037 τήν
502 952 543 1018 ἐκ
566 949 637 1018 δύο
662 948 871 1036 ὀνομάτων
895 951 1096 1037 δευτέραν.

225 1052 472 1125 Ἐκκείσθωσαν
500 1056 563 1126 δύο
590 1054 732 1146 ἀριθμοὶ
755 1061 790 1125 οἱ
809 1063 889 1142 ΑΓ,
913 1062 990 1142 ΓΒ,
1015 1053 1099 1125 ὥστε
1123 1059 1182 1126 τὸν

162 1168 382 1250 συγκείμενον
405 1167 439 1246 ἐξ
462 1163 575 1233 αὐτῶν
597 1164 659 1233 τὸν
682 1172 748 1232 ΑΒ
771 1163 856 1252 πρὸς
878 1163 940 1251 μὲν
963 1161 1025 1231 τόν
1043 1170 1111 1231 ΒΓ
1127 1163 1180 1232 λό-

111 1301 143 1350 10
162 1294 224 1354 γον
252 1274 356 1357 ἔχειν,
384 1267 425 1339 ὃν
453 1271 659 1359 τετράγωνος
686 1270 832 1359 ἀριθμὸς
858 1269 941 1360 πρὸς
968 1270 1181 1358 τετράγωνον

162 1373 328 1461 ἀριθμόν,
352 1376 435 1464 πρὸς
459 1377 496 1444 δὲ
518 1376 579 1445 τόν
598 1384 667 1447 ΑΓ
685 1377 789 1465 λόγον
812 1376 857 1465 μή
881 1383 980 1465 ἔχειν,
1004 1374 1045 1445 ὀν
1068 1375 1182 1464 τετρά-

43 1534 47 1539 .
162 1506 272 1565 γωνος
295 1480 440 1570 άριθμός
462 1482 546 1567 πρός
568 1483 781 1571 τετράγωνον
800 1482 960 1571 ἀριθμόν,
983 1482 1040 1550 καὶ
1059 1484 1181 1550 ἐκκείσ-

163 1594 216 1653 θω
241 1587 323 1675 ῥητή
347 1585 368 1675 ή
388 1596 432 1674 Δ,
455 1591 511 1655 κοιὶ
533 1599 573 1677 τῇ
594 1597 628 1655 Δ
646 1590 833 1678 σύμμετρος
855 1595 937 1657 ἔστω
957 1587 1025 1676 ήΕ
1031 1597 1059 1656 Ζ
1074 1591 1182 1677 μήκει·

163 1693 245 1783 ῥητή
279 1693 346 1783 άρα
379 1695 469 1764 ἐστὶν
496 1693 517 1782 ή
547 1703 617 1764 ΕΖ.
662 1699 825 1783 γεγονέτω
856 1696 899 1783 δή
927 1697 984 1764 καὶ
1014 1693 1060 1776 ὥς
1079 1694 1097 1764 ὁ
1117 1703 1182 1766 ΓΑ

112 1830 144 1879 15
163 1799 311 1888 ἀριθμὸς
337 1800 421 1888 πρὸς
447 1799 508 1870 τὸν
532 1811 612 1889 ΑΒ,
641 1801 748 1882 οὕτως
774 1801 812 1870 τὸ
841 1800 905 1871 άπὸ
931 1806 990 1889 τῆς
1013 1809 1076 1869 ΕΖ
1098 1803 1182 1891 πρὸς

162 1905 200 1976 τὸ
225 1905 289 1976 άτιο
312 1913 371 1995 τῆς
386 1917 464 1977 ΖΗ·
498 1908 689 1997 σύμμετρον
713 1907 778 1997 άροι
802 1909 870 1977 ἐστὶ
894 1908 932 1977 τὸ
958 1906 1023 1977 άπὸ
1042 1919 1102 1997 τῆς
1120 1918 1182 1978 ΕΖ

163 2026 209 2107 τῷ
233 2014 297 2084 άπὸ
323 2027 382 2103 τῆς
405 2023 481 2084 ΖΗ.
514 2016 596 2105 ῥητή
622 2014 688 2104 άροι
711 2014 782 2084 ἐστὶ
803 2016 860 2084 καὶ
883 2015 914 2103 ή
929 2023 1005 2085 ΖΗ.
1031 2016 1088 2083 καὶ
1112 2017 1183 2085 ἐπεὶ

164 2120 262 2190 ὀΓΑ
277 2119 423 2211 ἀριθμὸς
445 2123 529 2211 πρὸς
551 2123 611 2192 τὸν
625 2132 691 2192 AB
706 2121 809 2209 λόγον
829 2119 892 2191 οὐκ
910 2128 985 2210 ἔχει,
1009 2118 1050 2191 ὃν
1070 2123 1182 2211 τετρά-

164 2256 274 2316 γωνος
302 2229 448 2319 ἀριθμὸς
475 2229 558 2318 πρὸς
587 2230 798 2318 τετράγωνον
832 2226 997 2316 ἀριθμόν,
1031 2227 1113 2297 οὐδὲ
1144 2228 1182 2298 τὸ

110 2361 146 2410 20
165 2333 230 2405 άπὸ
254 2341 313 2423 τής
337 2343 399 2404 ΕΖ
422 2335 505 2423 πρὸς
527 2335 565 2403 τὸ
590 2335 654 2404 άπὸ
678 2340 736 2422 τής
757 2344 828 2403 ΖΗ
842 2334 945 2421 λόγον
968 2340 1045 2421 ἔχει,
1070 2333 1111 2404 ὃν
1134 2362 1182 2404 τε·

163 2443 336 2530 τράγωνος
363 2440 509 2529 ἀριθμὸς
533 2440 617 2530 πρὸς
642 2442 854 2530 τετράγωνον
878 2439 1036 2529 άριθμόν.
1078 2440 1182 2529 άσάμ-

164 2574 282 2637 μετρος
309 2546 375 2635 άρα
404 2547 495 2615 ἐστὶν
517 2545 538 2634 ή
563 2555 625 2616 ΕΖ
654 2553 693 2638 τή
719 2556 790 2616 ΖΗ
809 2548 918 2636 μήκει·
954 2551 992 2615 as
1013 2555 1089 2634 EZ,
1114 2554 1186 2616 ΖΗ

164 2655 229 2743 άροι
252 2657 353 2743 ῥηταί
374 2658 438 2722 εἰσι
457 2654 600 2742 δυνάμει
624 2657 732 2743 μόνον
756 2657 952 2744 σύμμετροι·
976 2654 1094 2723 ἐκδύο
1115 2654 1182 2742 ἄρα

165 2759 341 2848 ὀνομάτων
365 2761 456 2830 ἐστὶν
479 2758 499 2847 ἡ
525 2767 602 2829 ΕΗ.

115 2890 149 2940 25
236 2869 395 2936 Δεικτέον
420 2866 474 2954 δή,
499 2863 550 2934 ὅτι
573 2867 629 2934 καὶ
654 2868 801 2954 δευτέρα.

197 3095 203 3114 e
239 3033 263 3083 2.
288 3025 359 3082 εἰσιν
382 3026 439 3082 ΡΒ.
519 3033 543 3082 3.
569 3024 746 3114 ἀσύμμετρος
768 3023 859 3115 W·
880 3043 963 3096 eras.;
992 3027 1093 3082 deinde
1118 3028 1184 3084 add.

166 3117 238 3238 ὀάόὀ
241 3099 440 3255 ι’ἐ’ὀ1ιό1’δόὀξο1ι’]
460 3099 677 3255 οοιόὀόἓῗόξι
692 3099 896 3226 ὀῗναάυμμόὀ
898 3119 942 3224 Qvo!
953 3117 988 3236 11³1:
991 3141 996 3154 ⁸
1004 3104 1034 3224 εό
1047 3099 1088 3224 gc
1102 3105 1184 3226 deiss

166 3256 241 3309 ceps.
314 3244 337 3293 8.
358 3239 425 3309 τον]
450 3257 517 3294 corr.
537 3258 571 3294 ex
593 3259 625 3294 το
645 3259 680 3294 m.
700 3246 716 3294 2
736 3239 770 3295 V.
845 3247 886 3296 11.
907 3244 958 3295 ΓΑ
979 3241 1064 3295 BVb.
1140 3247 1180 3295 12.

165 3305 485 3451 οήάιεκω
500 3310 866 3451 κοράκεων
882 3311 912 3381 F’
931 3311 1182 3454 ιιιιέιιιι·

164 3469 201 3507 m.
220 3469 274 3507 rec.
293 3452 323 3507 P.
405 3451 544 3520 γεγονέτω
564 3449 599 3518 δή
618 3455 683 3525 καί]
709 3453 758 3508 καὶ
777 3453 845 3509 ἔστω
871 3454 903 3509 V.
983 3451 1017 3508 δέ
1039 3454 1074 3522 Ε,
1099 3471 1184 3524 supra

166 3540 218 3579 scr.
238 3520 283 3593 δή.
358 3528 399 3577 15.
418 3523 482 3595 ΕΖ]
506 3528 560 3578 ΗΖ
577 3525 612 3592 F,
632 3528 660 3580 et
679 3543 748 3583 corr.
768 3543 802 3580 ex
821 3530 880 3580 ΖΗ
896 3525 931 3590 V,
952 3529 1008 3580 ZH
1024 3524 1085 3594 Bb,
1104 3525 1127 3578 P
1145 3542 1182 3582 m.
