2474 3908
158 141 223 208 308
545 141 746 193 Σεοαπεαα
765 136 791 194 ι’.

156 285 218 371 τὴν
243 283 334 350 ΝΜ·
376 279 421 362 ὡς
449 280 487 348 δὲ
513 279 551 348 τὸ
575 286 646 347 ΝΛ
669 278 753 367 πρὸς
775 279 813 349 τὸ
837 287 922 367 ΚΛ,
952 283 1060 362 οὕτως
1084 281 1177 350 ἐστὶν

157 386 178 477 ἡ
203 395 283 456 ΝΜ
303 385 392 474 Ιπρὸς
419 389 482 473 τὴν
510 393 599 455 ΚΜ·
641 384 679 454 τὸ
710 385 775 473 άρα
803 382 868 454 ὑπὸ
898 392 965 456 τών
994 394 1073 475 ΓΚ,
1098 395 1183 456 ΚΜ

158 503 234 564 λ’σον
254 494 322 561 ἐστὶ
341 503 386 586 τῷ
407 491 472 561 άπὸ
490 496 550 580 τῆς
563 499 653 579 ΝΜ,
676 495 825 561 τουτέστι
850 497 894 588 τῷ
918 494 1062 587 τετάρτῳ
1082 495 1179 584 μέρει

156 611 218 668 τοῦ
245 597 307 667 άπέ
338 603 397 685 τῆς
425 607 506 668 ΖΜ
551 600 607 666 καὶ
635 600 705 667 ἐπεὶ
732 598 922 687 σύμμετρόν
951 603 1083 670 ἔστιτὸ
1110 599 1176 670 άπὸ

123 710 216 794 ετῆς
235 712 310 772 ΑΗ
328 709 373 799 τῷ
394 703 458 773 άπὸ
478 710 537 791 τῆς
554 712 634 792 ΗΒ,
658 704 850 795 σύμμετρόν
870 708 965 791 [ἐστι]
985 708 1041 775 παλ
1059 706 1100 777 τὸ
1117 715 1179 777 ΓΘ

157 818 202 906 τῳ
227 819 305 880 ΚΛ.
352 809 397 890 ώς
425 810 462 879 δέ
489 809 526 879 τὸ
552 818 613 878 ΓΘ
639 811 723 898 πρὸς
750 810 788 880 τὸ
812 818 896 899 ΚΛ,
925 810 1031 894 οὕτως
1058 811 1080 901 ἡ
1110 821 1179 883 ΓΚ
1224 811 1226 816 ’

158 919 241 1006 πρὸς
263 918 325 1007 τὴν
350 924 437 985 ΚΜ·
480 916 667 1005 σύμμετρος
689 918 755 1007 άρα
779 919 870 987 ἐστὶν
892 916 913 1006 ἡ
938 925 1004 987 ΓΚ
1024 925 1063 1008 τῇ
1089 929 1178 990 ΚΜ.

159 1028 228 1096 ἐπεὶ
253 1017 316 1094 οὖν
341 1024 403 1093 δύο
427 1022 560 1092 εὐθεῖαι
583 1023 700 1093 άνισοί
720 1030 806 1093 εἰσιν
834 1028 872 1093 αλ
891 1032 980 1112 ΓΜ,
1004 1033 1094 1113 ΜΖ,
1122 1029 1179 1096 καὶ

158 1137 203 1228 τῳ
232 1132 375 1222 τετάρτῳ
404 1132 495 1218 μέρει
523 1135 584 1199 τοῦ
612 1128 676 1199 άπὸ
704 1136 763 1217 τῆς
790 1138 868 1199 ΖΜ
891 1140 968 1201 ἴσον
994 1133 1086 1221 παρὰ
1116 1133 1179 1221 τὴν

107 1264 140 1313 10
158 1246 235 1308 ΓΜ
258 1237 504 1325 παραβέβληται
533 1240 685 1306 ἐλλεῖπον
713 1243 794 1306 εἴδει
822 1239 1018 1329 τετραγώνῳ
1046 1239 1086 1307 τὸ
1110 1239 1177 1309 ὑπὸ

159 1351 227 1415 τών
254 1350 334 1431 ΓΚ,
362 1350 455 1428 ΚΜ,
483 1349 542 1411 καί
565 1346 634 1411 έστι
662 1343 848 1433 σύμμετρος
875 1342 896 1432 ἡ
926 1351 993 1414 ΓΚ
1017 1350 1057 1434 τῇ
1087 1354 1178 1432 ΚΜ,

159 1449 179 1539 ἡ
200 1450 265 1537 άρα
284 1457 361 1518 ΓΜ
379 1453 438 1535 τῆς
455 1456 527 1516 ΜΖ
546 1455 657 1535 μεῖζον
678 1449 820 1519 δύναται
838 1454 883 1542 τῳ
903 1449 967 1519 άπὸ
984 1454 1178 1540 συμμέτρου

160 1558 259 1645 ἑαυτῇ
275 1555 380 1642 μήκει.
416 1559 476 1621 καί
490 1555 581 1622 ἐστιν
599 1553 620 1642 ἡ
639 1562 716 1624 ΓΜ
735 1557 921 1644 σύμμετρος
938 1561 977 1646 τῇ
1003 1559 1177 1649 ἐκκειμένῃ

160 1665 242 1751 ῥητῇ
266 1665 305 1750 τῇ
329 1666 392 1728 ΓΛ
405 1660 524 1747 μήκει·
548 1659 568 1748 ἡ
592 1660 658 1751 άρα
682 1670 742 1730 ΓΖ
765 1661 917 1750 άποτομή
940 1665 1010 1732 ἐστι
1033 1663 1160 1752 πρώτη.

108 1794 140 1842 15
230 1771 274 1836 Τὸ
293 1765 359 1855 άρα
379 1763 443 1834 άπὸ
463 1765 632 1856 ἀποτομῆς
650 1767 739 1856 παρὰ
754 1772 858 1856 ῥητὴν
873 1772 1178 1858 παραβαλλόμενον

158 1877 280 1954 πλάτος
303 1887 394 1942 ποιεῖ
415 1870 590 1962 άποτομην
613 1875 762 1965 πρώτην·
795 1874 875 1959 ὅπερ
900 1882 967 1945 ἔδει
993 1879 1111 1959 δεῖξαι.

634 2087 696 2173 (ιη’.

229 2215 278 2280 Τὸ
302 2212 377 2280 άπὸ
402 2213 520 2298 μέσης
539 2208 740 2299 άποτομῆς
757 2213 912 2300 πρώτης
930 2212 1033 2303 παρὰ
1052 2215 1180 2303 ῥητὴν

158 2317 518 2406 παραβαλλόμενον
546 2316 693 2396 πλάτος
721 2333 830 2387 ποιεῖ
855 2316 1061 2407 ἀποτομὴν
1088 2325 1180 2390 δευ-

105 2449 140 2498 20
158 2425 286 2510 τέραν.

214 2530 324 2599 Ἔστω
345 2532 446 2616 μέσης
464 2527 614 2616 άποτομὴ
634 2531 747 2617 πρώτη
767 2527 882 2617 MR,
902 2532 984 2618 ῥητὴ
1005 2532 1042 2600 δέ
1060 2531 1083 2619 ἡ
1103 2540 1180 2617 ΓΛ,

158 2638 276 2729 καὶτῷ
296 2633 362 2703 άπὸ
382 2640 440 2722 τῆς
453 2645 486 2703 Α
493 2643 521 2703 Β
542 2644 618 2703 λ’σον
635 2634 724 2722 παρά
743 2639 805 2723 τὴν
824 2643 887 2703 ΓΛ
904 2640 1180 2727 παραβεβλήσθω

157 2744 195 2811 τὸ
219 2749 283 2811 ΓΕ
304 2743 427 2822 πλάτος
450 2744 571 2809 ποιοῦν
590 2739 653 2828 τὴν
672 2746 746 2810 ΓΖ·
769 2743 866 2828 λέγω,
890 2742 941 2810 ὅτι
964 2741 985 2831 ἡ
1009 2751 1072 2813 ΓΖ
1096 2744 1182 2817 άπο-

157 2850 242 2939 τομή
267 2854 336 2920 ἐστι
360 2850 506 2936 δευτέρα.

105 2981 140 3030 25
215 2957 324 3026 ’Ἐστώ
348 2960 413 3045 γάρ
437 2960 476 3046 τῇ
501 2963 565 3022 AB
589 2954 868 3043 προσαρμόζουσα
891 2953 912 3042 ἡ
937 2962 1016 3023 BH·
1050 2959 1088 3024 αἱ
1110 2960 1181 3049 άρα

158 3072 245 3147 ΑΗ,
268 3071 335 3131 HR
360 3065 457 3150 μέσαι
482 3062 544 3130 εἰσὶ
569 3061 711 3148 δυνάμει
733 3060 841 3147 μόνον
865 3061 1047 3149 σύμμετροι
1072 3066 1182 3150 ῥητὸν

158 3172 378 3256 περιέχουσαι.
414 3170 469 3239 καὶ
493 3172 538 3261 τῳ
562 3169 624 3255 μὲν
648 3165 713 3236 άπὸ
736 3170 796 3253 τῆς
813 3174 886 3235 ΑΗ
908 3175 984 3237 ἴσον
1003 3171 1094 3258 παρά
1112 3173 1181 3261 τὴν

232 3426 254 3474 1.
275 3414 313 3481 ὡς
327 3415 359 3472 δέ
370 3449 403 3458 -
414 3423 439 3473 2.
454 3423 520 3473 ΚΜ
552 3433 606 3471 om.
621 3415 651 3484 F,
670 3416 783 3472 uidetur
801 3413 888 3469 fuisse
907 3415 937 3469 in
951 3433 1007 3486 mg.
1066 3426 1091 3476 2.
1109 3420 1182 3477 Post

158 3491 236 3561 prins
246 3494 313 3546 ΚΜ
324 3489 388 3545 add.
399 3489 447 3543 και
458 3486 495 3553 ὡς
505 3509 561 3559 αρα
576 3484 663 3558 ὴΓΚ
676 3484 747 3559 πρὸς
761 3482 813 3556 τὴν
826 3489 896 3541 ΝΜ
907 3489 986 3557 (ΜΝ
995 3487 1038 3560 F),
1055 3485 1179 3564 οὕτωεὴ
