2474 3908
390 188 664 240 ELEMENTORUM
681 189 790 239 LIBER
807 190 841 243 X.
1083 187 1124 251 17

176 332 267 419 Ergo
292 332 375 397 datis
399 333 505 397 tribus
524 331 804 416 magnitudinibus
824 333 1125 398 commensurabili·

108 441 170 506 bus
195 440 338 505 maxima
362 461 514 504 mensura
537 439 716 503 communis
739 439 873 504 inuenta
896 442 954 503 est.

484 596 752 663 Corollarium.

177 705 264 771 Hinc
286 704 496 770 manifestum
521 707 584 789 est,
608 705 636 768 si
660 704 850 790 magnitudo
874 708 940 769 tres
963 708 1125 792 magnitu-

108 815 202 879 dines
237 814 384 896 metitur‚
421 813 555 877 eandem
588 811 763 876 maximam
796 833 908 877 earum
940 835 1124 879 mensuram

108 942 313 988 communem
337 919 453 983 metiri.

177 1026 247 1092 Iam
271 1026 424 1091 similiter
447 1025 547 1090 etiam
570 1024 605 1088 in
627 1025 775 1109 pluribus
800 1026 943 1090 maxima
970 1047 1125 1091 mensura

108 1126 291 1199 communis
315 1135 472 1216 sumetur,
501 1135 533 1196 et
562 1130 768 1196 corollarium
792 1153 919 1215 quoque
941 1133 1125 1217 progredie-

108 1243 172 1305 tur.
186 1275 231 1287 —
246 1239 332 1324 quod
356 1240 426 1304 erat
449 1237 745 1304 demonstrandum.

594 1415 635 1481 V.

176 1541 420 1627 Magnitudines
452 1540 758 1605 commensurabiles
785 1540 873 1605 inter
900 1562 934 1604 se
964 1542 1124 1607 rationem
1199 1594 1203 1601 .

106 1649 240 1733 habent,
265 1669 362 1732 quam
385 1668 538 1712 numerus
563 1647 603 1711 ad
626 1667 804 1711 numerum.

178 1752 250 1819 Sint
273 1754 513 1839 magnitudines
534 1753 840 1818 commensurabiles
860 1758 901 1837 A,
915 1757 952 1818 Β.
990 1753 1072 1838 dico,
1091 1760 1124 1818 A

107 1861 151 1926 ad
175 1865 203 1925 Β
226 1862 386 1925 rationem
409 1860 538 1945 habere,
564 1882 661 1945 quam
684 1859 805 1924 habeat
826 1881 979 1925 numerus
1004 1860 1044 1924 ad
1067 1883 1124 1926 nu-

107 1990 243 2034 merum.

177 2074 263 2139 Nam
286 2074 441 2158 quoniam
459 2077 541 2157 A,B
561 2073 868 2138 commensurabiles
892 2078 977 2156 sunt,
1000 2075 1124 2157 magni·
1209 2134 1212 2139 .

107 2182 187 2247 tudo
207 2182 318 2266 aliqua
337 2202 391 2245 eas
410 2181 571 2245 metietur.
605 2178 758 2243 metiatur
773 2183 806 2243 et
821 2178 864 2242 sit
878 2180 913 2243 Γ.
946 2182 979 2241 et
996 2179 1123 2262 quoties

108 2291 143 2353 Γ
156 2286 418 2374 magnitudinem
442 2292 474 2351 A
496 2287 643 2370 metitur,
671 2285 808 2350 totidem
832 2285 975 2349 unitates
1001 2286 1068 2349 sint
1090 2286 1125 2349 in

107 2400 152 2477 A,
172 2394 299 2480 quoties
319 2398 427 2458 autem
446 2396 479 2458 Γ
493 2392 753 2479 magnitudinem
773 2397 801 2457 Β
821 2392 964 2476 metitur,
986 2391 1124 2455 totidem

107 2502 252 2567 unitates
277 2500 343 2565 sint
365 2501 400 2564 in
422 2503 461 2563 E.

171 2607 238 2672 iam
258 2607 412 2691 quoniam
427 2605 726 2692 Pmagnitudinem
741 2610 773 2669 A
788 2603 962 2670 secundum
981 2604 1123 2668 unitates

107 2713 237 2779 numeri
261 2719 295 2778 A
318 2713 464 2797 metitur,
491 2712 670 2777 sedetiam
692 2711 800 2777 unitas
824 2732 994 2775 numerum
1020 2715 1053 2774 A
1076 2732 1125 2774 se·

177 2859 199 2907 A
360 2858 382 2906 B
483 2855 510 2905 Γ
566 2820 704 2884 cundum
727 2818 869 2884 unitates
895 2819 962 2882 eius
986 2817 1126 2901 metitur,

107 2923 261 2961 “¹4‘'
315 2923 417 2960 '*'“'
471 2922 524 2959 [Ἰ
564 2927 674 2990 unitas
688 2948 857 2991 numerum
872 2930 906 2988 A
921 2922 1125 3006 etsmagni-

145 3013 243 3050 ιμ’
255 3001 280 3050 A
565 3033 711 3098 tudinem
730 3038 762 3096 A
784 3031 962 3116 aequaliter
984 3030 1126 3093 metitur.

145 3106 249 3156 ΗΕ
565 3140 676 3222 itaque
712 3141 815 3202 FtA
839 3138 998 3201 =1:A
1044 3135 1128 3216 [VII

106 3247 170 3312 def.
185 3248 257 3328 20].
291 3269 307 3312 e
328 3247 489 3312 contrario
508 3246 609 3331 igitur
630 3245 682 3329 [V‚
701 3247 719 3310 7
741 3228 863 3325 coroll]
884 3250 916 3308 A
927 3246 1085 3307 :F=A:
1098 3243 1126 3306 1.

108 3377 221 3421 rursus
255 3355 408 3439 quoniam
440 3356 473 3418 Γ
500 3353 757 3440 magnitudinem
790 3357 818 3417 Β
847 3350 1023 3417 secuudum
1056 3349 1126 3413 uni·

181 3528 215 3584 V.
234 3528 394 3584 Alexander
410 3528 534 3599 Aphrod.
554 3529 584 3583 in
603 3529 683 3584 Anal.
702 3545 744 3598 pr.
764 3527 812 3582 fol.
833 3533 876 3583 87.

162 3627 315 3680 Euclides,
329 3628 378 3668 edd.
392 3628 494 3679 Heiberg
509 3631 532 3669 et
545 3628 635 3680 Menge.
662 3629 709 3670 111.
958 3621 981 3669 ‘2
