<?xml version="1.0" encoding="UTF-8"?>
<!DOCTYPE html PUBLIC "-//W3C//DTD XHTML 1.0 Transitional//EN"
    "http://www.w3.org/TR/xhtml1/DTD/xhtml1-transitional.dtd">
<html xmlns="http://www.w3.org/1999/xhtml" xml:lang="en" lang="en">
 <head>
  <title>
</title>
<meta http-equiv="Content-Type" content="text/html;charset=utf-8" />
  <meta name='ocr-system' content='tesseract 3.04.00' />
  <meta name='ocr-capabilities' content='ocr_page ocr_carea ocr_par ocr_line ocrx_word'/>
</head>
<body>
  <div class='ocr_page' id='page_1' title='image "./euclidisoperaom06unkngoog_0207.png"; bbox 0 0 2474 3908; ppageno 0'>
   <div class='ocr_carea' id='block_1_1' title="bbox 161 163 797 238">
    <p class='ocr_par' dir='ltr' id='par_1_1' title="bbox 161 163 797 238">
     <span class='ocr_line' id='line_1_1' title="bbox 161 163 797 238; baseline -0.028 0"><span class='ocrx_word' id='word_1_1' title='bbox 161 172 228 238; x_wconf 85' lang='lat'><strong><em>194</em></strong></span> <span class='ocrx_word' id='word_1_2' title='bbox 548 169 751 223; x_wconf 66' lang='grc' dir='ltr'><strong><em>Στοιαωιιωι</em></strong></span> <span class='ocrx_word' id='word_1_3' title='bbox 770 163 797 223; x_wconf 77' lang='grc' dir='ltr'><strong><em>ι.</em></strong></span> 
     </span>
    </p>
   </div>
   <div class='ocr_carea' id='block_1_2' title="bbox 110 307 1188 1880">
    <p class='ocr_par' dir='ltr' id='par_1_2' title="bbox 110 307 1188 1880">
     <span class='ocr_line' id='line_1_2' title="bbox 160 307 1184 403; baseline -0.003 -20"><span class='ocrx_word' id='word_1_4' title='bbox 160 312 290 402; x_wconf 83' lang='grc' dir='ltr'><strong><em>ἡΔΜ</em></strong></span> <span class='ocrx_word' id='word_1_5' title='bbox 308 317 366 400; x_wconf 79' lang='grc' dir='ltr'><strong><em>τῆς</em></strong></span> <span class='ocrx_word' id='word_1_6' title='bbox 384 319 478 395; x_wconf 84' lang='grc' dir='ltr'><strong><em>ΜΗ,</em></strong></span> <span class='ocrx_word' id='word_1_7' title='bbox 502 312 558 379; x_wconf 80' lang='grc' dir='ltr'><strong><em>καὶ</em></strong></span> <span class='ocrx_word' id='word_1_8' title='bbox 583 308 634 379; x_wconf 83' lang='grc' dir='ltr'><strong><em>ὅτι</em></strong></span> <span class='ocrx_word' id='word_1_9' title='bbox 656 309 694 379; x_wconf 91' lang='grc' dir='ltr'><strong><em>τὸ</em></strong></span> <span class='ocrx_word' id='word_1_10' title='bbox 718 307 784 378; x_wconf 81' lang='grc' dir='ltr'><strong><em>ὑπὸ</em></strong></span> <span class='ocrx_word' id='word_1_11' title='bbox 803 316 927 377; x_wconf 90' lang='grc' dir='ltr'><strong><em>ΔΚΜ</em></strong></span> <span class='ocrx_word' id='word_1_12' title='bbox 944 317 1022 377; x_wconf 77' lang='grc' dir='ltr'><strong><em>ἴσον</em></strong></span> <span class='ocrx_word' id='word_1_13' title='bbox 1047 309 1119 378; x_wconf 81' lang='grc' dir='ltr'><strong><em>ἐστὶ</em></strong></span> <span class='ocrx_word' id='word_1_14' title='bbox 1142 316 1184 403; x_wconf 77' lang='grc' dir='ltr'><strong><em>τῷ</em></strong></span> 
     </span>
     <span class='ocr_line' id='line_1_3' title="bbox 161 409 1187 507; baseline -0.003 -18"><span class='ocrx_word' id='word_1_15' title='bbox 161 419 227 490; x_wconf 84' lang='grc' dir='ltr'><strong><em>άπό</em></strong></span> <span class='ocrx_word' id='word_1_16' title='bbox 251 424 310 507; x_wconf 81' lang='grc' dir='ltr'><strong><em>τῆς</em></strong></span> <span class='ocrx_word' id='word_1_17' title='bbox 333 426 419 489; x_wconf 93' lang='lat' dir='ltr'><strong><em>MN.</em></strong></span> <span class='ocrx_word' id='word_1_18' title='bbox 463 418 532 487; x_wconf 80' lang='grc' dir='ltr'><strong><em>ἐπεὶ</em></strong></span> <span class='ocrx_word' id='word_1_19' title='bbox 556 409 620 486; x_wconf 86' lang='grc' dir='ltr'><strong><em>οὖν</em></strong></span> <span class='ocrx_word' id='word_1_20' title='bbox 644 414 859 504; x_wconf 77' lang='grc' dir='ltr'><strong><em>ἀσύμμετρόν</em></strong></span> <span class='ocrx_word' id='word_1_21' title='bbox 883 418 952 485; x_wconf 90' lang='grc' dir='ltr'><strong><em>ἐστι</em></strong></span> <span class='ocrx_word' id='word_1_22' title='bbox 975 418 1013 483; x_wconf 91' lang='grc' dir='ltr'><strong><em>τὸ</em></strong></span> <span class='ocrx_word' id='word_1_23' title='bbox 1038 414 1108 486; x_wconf 85' lang='grc' dir='ltr'><strong><em>άπὸ</em></strong></span> <span class='ocrx_word' id='word_1_24' title='bbox 1131 421 1187 505; x_wconf 78' lang='grc' dir='ltr'><strong><em>τῆς</em></strong></span> 
     </span>
     <span class='ocr_line' id='line_1_4' title="bbox 160 520 1179 618; baseline -0.003 -22"><span class='ocrx_word' id='word_1_25' title='bbox 160 531 231 596; x_wconf 84' lang='grc' dir='ltr'><strong><em>ΑΓ</em></strong></span> <span class='ocrx_word' id='word_1_26' title='bbox 253 530 298 618; x_wconf 77' lang='grc' dir='ltr'><strong><em>τῷ</em></strong></span> <span class='ocrx_word' id='word_1_27' title='bbox 327 523 393 594; x_wconf 86' lang='grc' dir='ltr'><strong><em>άπὸ</em></strong></span> <span class='ocrx_word' id='word_1_28' title='bbox 419 528 477 611; x_wconf 78' lang='grc' dir='ltr'><strong><em>τῆς</em></strong></span> <span class='ocrx_word' id='word_1_29' title='bbox 505 530 582 609; x_wconf 86' lang='grc' dir='ltr'><strong><em>ΓΒ,</em></strong></span> <span class='ocrx_word' id='word_1_30' title='bbox 611 521 822 610; x_wconf 80' lang='grc' dir='ltr'><strong><em>ἀσύμμετρον</em></strong></span> <span class='ocrx_word' id='word_1_31' title='bbox 854 520 921 610; x_wconf 87' lang='grc' dir='ltr'><strong><em>άρα</em></strong></span> <span class='ocrx_word' id='word_1_32' title='bbox 953 521 1023 590; x_wconf 80' lang='grc' dir='ltr'><strong><em>ἐστὶ</em></strong></span> <span class='ocrx_word' id='word_1_33' title='bbox 1055 525 1115 592; x_wconf 82' lang='grc' dir='ltr'><strong><em>καὶ</em></strong></span> <span class='ocrx_word' id='word_1_34' title='bbox 1147 523 1179 593; x_wconf 79' lang='grc' dir='ltr'><strong><em>τδ</em></strong></span> 
     </span>
     <span class='ocr_line' id='line_1_5' title="bbox 162 624 1188 725; baseline -0.001 -25"><span class='ocrx_word' id='word_1_35' title='bbox 162 639 229 701; x_wconf 80' lang='grc' dir='ltr'><strong><em>ΔΘ</em></strong></span> <span class='ocrx_word' id='word_1_36' title='bbox 255 635 301 725; x_wconf 77' lang='grc' dir='ltr'><strong><em>τῷ</em></strong></span> <span class='ocrx_word' id='word_1_37' title='bbox 329 637 412 699; x_wconf 84' lang='grc' dir='ltr'><strong><em>ΚΛ·</em></strong></span> <span class='ocrx_word' id='word_1_38' title='bbox 454 628 538 699; x_wconf 74' lang='grc' dir='ltr'><strong><em>ὥστε</em></strong></span> <span class='ocrx_word' id='word_1_39' title='bbox 566 629 775 717; x_wconf 78' lang='grc' dir='ltr'><strong><em>ἀσύμμετρος</em></strong></span> <span class='ocrx_word' id='word_1_40' title='bbox 801 628 857 695; x_wconf 81' lang='grc' dir='ltr'><strong><em>καὶ</em></strong></span> <span class='ocrx_word' id='word_1_41' title='bbox 886 624 907 715; x_wconf 78' lang='grc' dir='ltr'><em>ἡ</em></span> <span class='ocrx_word' id='word_1_42' title='bbox 936 634 1010 697; x_wconf 84' lang='lat' dir='ltr'><strong><em>AK</em></strong></span> <span class='ocrx_word' id='word_1_43' title='bbox 1036 633 1079 717; x_wconf 78' lang='grc' dir='ltr'><strong><em>τῇ</em></strong></span> <span class='ocrx_word' id='word_1_44' title='bbox 1109 637 1188 699; x_wconf 88' lang='grc' dir='ltr'><strong><em>ΚΜ</em></strong></span> 
     </span>
     <span class='ocr_line' id='line_1_6' title="bbox 124 728 1185 829; baseline 0 -23"><span class='ocrx_word' id='word_1_45' title='bbox 124 740 261 812; x_wconf 78' lang='grc' dir='ltr'><strong><em>εέστιυ.</em></strong></span> <span class='ocrx_word' id='word_1_46' title='bbox 303 735 362 806; x_wconf 82' lang='grc' dir='ltr'><strong><em>ἐὰν</em></strong></span> <span class='ocrx_word' id='word_1_47' title='bbox 386 736 424 806; x_wconf 76' lang='grc' dir='ltr'><strong><em>δέ</em></strong></span> <span class='ocrx_word' id='word_1_48' title='bbox 451 728 513 806; x_wconf 81' lang='grc' dir='ltr'><strong><em>άσι</em></strong></span> <span class='ocrx_word' id='word_1_49' title='bbox 538 735 601 804; x_wconf 83' lang='grc' dir='ltr'><strong><em>δύο</em></strong></span> <span class='ocrx_word' id='word_1_50' title='bbox 626 732 758 803; x_wconf 78' lang='grc' dir='ltr'><strong><em>εὐθεῖαι</em></strong></span> <span class='ocrx_word' id='word_1_51' title='bbox 777 732 906 821; x_wconf 87' lang='grc' dir='ltr'><strong><em>άυισοι,</em></strong></span> <span class='ocrx_word' id='word_1_52' title='bbox 925 745 970 827; x_wconf 77' lang='grc' dir='ltr'><strong><em>τῷ</em></strong></span> <span class='ocrx_word' id='word_1_53' title='bbox 986 734 1185 829; x_wconf 71' lang='grc' dir='ltr'><strong><em>δέτετάρτμ</em></strong></span> 
     </span>
     <span class='ocr_line' id='line_1_7' title="bbox 163 840 1188 932; baseline 0.001 -20"><span class='ocrx_word' id='word_1_54' title='bbox 163 846 255 932; x_wconf 89' lang='grc' dir='ltr'><strong><em>μέρει</em></strong></span> <span class='ocrx_word' id='word_1_55' title='bbox 277 848 339 912; x_wconf 87' lang='grc' dir='ltr'><strong><em>τοῦ</em></strong></span> <span class='ocrx_word' id='word_1_56' title='bbox 362 840 427 911; x_wconf 87' lang='grc' dir='ltr'><strong><em>άπὸ</em></strong></span> <span class='ocrx_word' id='word_1_57' title='bbox 451 847 510 930; x_wconf 78' lang='grc' dir='ltr'><strong><em>τῆς</em></strong></span> <span class='ocrx_word' id='word_1_58' title='bbox 534 841 716 922; x_wconf 78' lang='grc' dir='ltr'><strong><em>ἐλάσσονος</em></strong></span> <span class='ocrx_word' id='word_1_59' title='bbox 739 849 816 909; x_wconf 77' lang='grc' dir='ltr'><strong><em>ἴσον</em></strong></span> <span class='ocrx_word' id='word_1_60' title='bbox 834 840 1188 932; x_wconf 78' lang='grc' dir='ltr'><strong><em>παραλληλόγραμμον</em></strong></span> 
     </span>
     <span class='ocr_line' id='line_1_8' title="bbox 161 948 1187 1039; baseline 0 -20"><span class='ocrx_word' id='word_1_61' title='bbox 161 949 252 1039; x_wconf 81' lang='grc' dir='ltr'><strong><em>παρὰ</em></strong></span> <span class='ocrx_word' id='word_1_62' title='bbox 278 952 341 1038; x_wconf 84' lang='grc' dir='ltr'><strong><em>τὴν</em></strong></span> <span class='ocrx_word' id='word_1_63' title='bbox 367 953 502 1037; x_wconf 80' lang='grc' dir='ltr'><strong><em>μείζονα</em></strong></span> <span class='ocrx_word' id='word_1_64' title='bbox 533 951 735 1037; x_wconf 72' lang='grc' dir='ltr'><strong><em>παραβληθῇ</em></strong></span> <span class='ocrx_word' id='word_1_65' title='bbox 773 948 926 1017; x_wconf 74' lang='grc' dir='ltr'><strong><em>ἐλλεῖπον</em></strong></span> <span class='ocrx_word' id='word_1_66' title='bbox 957 953 1043 1016; x_wconf 76' lang='grc' dir='ltr'><strong><em>εἴδει</em></strong></span> <span class='ocrx_word' id='word_1_67' title='bbox 1075 975 1187 1039; x_wconf 89' lang='grc' dir='ltr'><strong><em>τετρα-</em></strong></span> 
     </span>
     <span class='ocr_line' id='line_1_9' title="bbox 162 1051 1188 1149; baseline -0.001 -22"><span class='ocrx_word' id='word_1_68' title='bbox 162 1059 261 1149; x_wconf 79' lang='grc' dir='ltr'><strong><em>γάυω</em></strong></span> <span class='ocrx_word' id='word_1_69' title='bbox 294 1057 349 1125; x_wconf 82' lang='grc' dir='ltr'><strong><em>καὶ</em></strong></span> <span class='ocrx_word' id='word_1_70' title='bbox 382 1061 429 1139; x_wconf 84' lang='grc' dir='ltr'><strong><em>εἰς</em></strong></span> <span class='ocrx_word' id='word_1_71' title='bbox 452 1054 644 1144; x_wconf 86' lang='grc' dir='ltr'><strong><em>άσάμμετρα</em></strong></span> <span class='ocrx_word' id='word_1_72' title='bbox 668 1052 774 1141; x_wconf 80' lang='grc' dir='ltr'><strong><em>αὐτὴν</em></strong></span> <span class='ocrx_word' id='word_1_73' title='bbox 799 1058 924 1143; x_wconf 76' lang='grc' dir='ltr'><strong><em>διαιρῇ,</em></strong></span> <span class='ocrx_word' id='word_1_74' title='bbox 947 1051 1113 1142; x_wconf 78' lang='grc' dir='ltr'><strong><em>ἡμείζων</em></strong></span> <span class='ocrx_word' id='word_1_75' title='bbox 1131 1060 1188 1145; x_wconf 79' lang='grc' dir='ltr'><strong><em>τῆς</em></strong></span> 
     </span>
     <span class='ocr_line' id='line_1_10' title="bbox 162 1158 1187 1254; baseline -0.001 -20"><span class='ocrx_word' id='word_1_76' title='bbox 162 1164 345 1245; x_wconf 79' lang='grc' dir='ltr'><strong><em>ἐλάσσονος</em></strong></span> <span class='ocrx_word' id='word_1_77' title='bbox 365 1170 477 1252; x_wconf 75' lang='grc' dir='ltr'><strong><em>μεῖζον</em></strong></span> <span class='ocrx_word' id='word_1_78' title='bbox 500 1161 680 1249; x_wconf 83' lang='grc' dir='ltr'><strong><em>δυνήσεται</em></strong></span> <span class='ocrx_word' id='word_1_79' title='bbox 699 1165 744 1252; x_wconf 82' lang='grc' dir='ltr'><strong><em>τῷ</em></strong></span> <span class='ocrx_word' id='word_1_80' title='bbox 764 1158 829 1229; x_wconf 86' lang='grc' dir='ltr'><strong><em>άιτὸ</em></strong></span> <span class='ocrx_word' id='word_1_81' title='bbox 848 1159 1066 1248; x_wconf 77' lang='grc' dir='ltr'><strong><em>ἀσυμμέτρου</em></strong></span> <span class='ocrx_word' id='word_1_82' title='bbox 1084 1163 1187 1254; x_wconf 77' lang='grc' dir='ltr'><strong><em>ἐνιπῇ</em></strong></span> 
     </span>
     <span class='ocr_line' id='line_1_11' title="bbox 110 1267 1187 1360; baseline -0.003 -18"><span class='ocrx_word' id='word_1_83' title='bbox 110 1292 145 1343; x_wconf 85' lang='grc'><strong><em>10</em></strong></span> <span class='ocrx_word' id='word_1_84' title='bbox 164 1271 276 1358; x_wconf 79' lang='grc' dir='ltr'><strong><em>μήκει·</em></strong></span> <span class='ocrx_word' id='word_1_85' title='bbox 317 1268 338 1356; x_wconf 81' lang='grc' dir='ltr'><em>ἡ</em></span> <span class='ocrx_word' id='word_1_86' title='bbox 368 1277 448 1338; x_wconf 98' lang='lat' dir='ltr'><strong><em>AM</em></strong></span> <span class='ocrx_word' id='word_1_87' title='bbox 469 1268 535 1355; x_wconf 84' lang='grc' dir='ltr'><strong><em>άρα</em></strong></span> <span class='ocrx_word' id='word_1_88' title='bbox 556 1279 616 1355; x_wconf 80' lang='grc' dir='ltr'><strong><em>τῆς</em></strong></span> <span class='ocrx_word' id='word_1_89' title='bbox 638 1274 720 1336; x_wconf 90' lang='grc' dir='ltr'><strong><em>ΜΗ</em></strong></span> <span class='ocrx_word' id='word_1_90' title='bbox 739 1272 851 1354; x_wconf 78' lang='grc' dir='ltr'><strong><em>μεῖζον</em></strong></span> <span class='ocrx_word' id='word_1_91' title='bbox 875 1267 1018 1335; x_wconf 85' lang='grc' dir='ltr'><strong><em>δύναται</em></strong></span> <span class='ocrx_word' id='word_1_92' title='bbox 1044 1272 1091 1360; x_wconf 80' lang='grc' dir='ltr'><strong><em>τῷ</em></strong></span> <span class='ocrx_word' id='word_1_93' title='bbox 1122 1268 1187 1339; x_wconf 87' lang='grc' dir='ltr'><strong><em>άπό</em></strong></span> 
     </span>
     <span class='ocr_line' id='line_1_12' title="bbox 162 1374 1186 1463; baseline 0 -18"><span class='ocrx_word' id='word_1_94' title='bbox 162 1374 376 1463; x_wconf 78' lang='grc' dir='ltr'><strong><em>ἀσυμμέτρου</em></strong></span> <span class='ocrx_word' id='word_1_95' title='bbox 399 1376 509 1463; x_wconf 74' lang='grc' dir='ltr'><strong><em>ἑαυτῇ.</em></strong></span> <span class='ocrx_word' id='word_1_96' title='bbox 549 1378 609 1441; x_wconf 82' lang='grc' dir='ltr'><strong><em>κοιλ</em></strong></span> <span class='ocrx_word' id='word_1_97' title='bbox 628 1378 714 1442; x_wconf 77' lang='grc' dir='ltr'><strong><em>εἰσιν</em></strong></span> <span class='ocrx_word' id='word_1_98' title='bbox 734 1376 771 1441; x_wconf 82' lang='grc' dir='ltr'><strong><em>αλ</em></strong></span> <span class='ocrx_word' id='word_1_99' title='bbox 788 1381 883 1460; x_wconf 89' lang='lat' dir='ltr'><strong><em>AM,</em></strong></span> <span class='ocrx_word' id='word_1_100' title='bbox 902 1379 986 1441; x_wconf 91' lang='grc' dir='ltr'><strong><em>ΜΗ</em></strong></span> <span class='ocrx_word' id='word_1_101' title='bbox 1004 1374 1106 1461; x_wconf 82' lang='grc' dir='ltr'><strong><em>ῥηταὶ</em></strong></span> <span class='ocrx_word' id='word_1_102' title='bbox 1130 1380 1186 1445; x_wconf 87' lang='grc' dir='ltr'><strong><em>δυ·</em></strong></span> 
     </span>
     <span class='ocr_line' id='line_1_13' title="bbox 162 1475 1188 1570; baseline 0.004 -22"><span class='ocrx_word' id='word_1_103' title='bbox 162 1480 260 1567; x_wconf 90' lang='grc' dir='ltr'><strong><em>νάμει</em></strong></span> <span class='ocrx_word' id='word_1_104' title='bbox 293 1479 401 1568; x_wconf 91' lang='grc' dir='ltr'><strong><em>μόυον</em></strong></span> <span class='ocrx_word' id='word_1_105' title='bbox 434 1478 632 1567; x_wconf 85' lang='grc' dir='ltr'><strong><em>σύμμετροι,</em></strong></span> <span class='ocrx_word' id='word_1_106' title='bbox 659 1478 715 1546; x_wconf 87' lang='grc' dir='ltr'><strong><em>καὶ</em></strong></span> <span class='ocrx_word' id='word_1_107' title='bbox 742 1475 764 1565; x_wconf 82' lang='grc' dir='ltr'><em>ἡ</em></span> <span class='ocrx_word' id='word_1_108' title='bbox 795 1486 877 1547; x_wconf 94' lang='lat' dir='ltr'><strong><em>AM</em></strong></span> <span class='ocrx_word' id='word_1_109' title='bbox 900 1477 1089 1570; x_wconf 81' lang='grc' dir='ltr'><strong><em>σύμμετρός</em></strong></span> <span class='ocrx_word' id='word_1_110' title='bbox 1117 1484 1188 1551; x_wconf 91' lang='grc' dir='ltr'><strong><em>ἐστι</em></strong></span> 
     </span>
     <span class='ocr_line' id='line_1_14' title="bbox 161 1585 673 1677; baseline -0.006 -22"><span class='ocrx_word' id='word_1_111' title='bbox 161 1597 202 1677; x_wconf 76' lang='grc' dir='ltr'><strong><em>τῇ</em></strong></span> <span class='ocrx_word' id='word_1_112' title='bbox 231 1585 401 1674; x_wconf 79' lang='grc' dir='ltr'><strong><em>ἐκκειμένῃ</em></strong></span> <span class='ocrx_word' id='word_1_113' title='bbox 426 1587 508 1674; x_wconf 72' lang='grc' dir='ltr'><strong><em>ῥητῇ</em></strong></span> <span class='ocrx_word' id='word_1_114' title='bbox 532 1589 571 1673; x_wconf 75' lang='grc' dir='ltr'><strong><em>τῇ</em></strong></span> <span class='ocrx_word' id='word_1_115' title='bbox 596 1592 673 1653; x_wconf 84' lang='grc' dir='ltr'><strong><em>ΔΕ.</em></strong></span> 
     </span>
     <span class='ocr_line' id='line_1_15' title="bbox 225 1687 1185 1785; baseline 0.005 -25"><span class='ocrx_word' id='word_1_116' title='bbox 225 1690 266 1760; x_wconf 89' lang='grc' dir='ltr'><em>Ἡ</em></span> <span class='ocrx_word' id='word_1_117' title='bbox 289 1698 367 1760; x_wconf 88' lang='lat' dir='ltr'><strong><em>AH</em></strong></span> <span class='ocrx_word' id='word_1_118' title='bbox 389 1689 454 1780; x_wconf 84' lang='grc' dir='ltr'><strong><em>άρα</em></strong></span> <span class='ocrx_word' id='word_1_119' title='bbox 483 1692 519 1759; x_wconf 90' lang='grc' dir='ltr'><strong><em>ἐκ</em></strong></span> <span class='ocrx_word' id='word_1_120' title='bbox 543 1689 606 1759; x_wconf 88' lang='grc' dir='ltr'><strong><em>δάο</em></strong></span> <span class='ocrx_word' id='word_1_121' title='bbox 631 1687 807 1778; x_wconf 75' lang='grc' dir='ltr'><strong><em>ὀνομάτων</em></strong></span> <span class='ocrx_word' id='word_1_122' title='bbox 832 1692 900 1760; x_wconf 82' lang='grc' dir='ltr'><strong><em>ἐστὶ</em></strong></span> <span class='ocrx_word' id='word_1_123' title='bbox 923 1691 1078 1781; x_wconf 81' lang='grc' dir='ltr'><strong><em>τετάρτη·</em></strong></span> <span class='ocrx_word' id='word_1_124' title='bbox 1104 1693 1185 1785; x_wconf 82' lang='grc' dir='ltr'><strong><em>ὅπερ</em></strong></span> 
     </span>
     <span class='ocr_line' id='line_1_16' title="bbox 110 1800 369 1880; baseline -0.019 -8"><span class='ocrx_word' id='word_1_125' title='bbox 110 1822 144 1872; x_wconf 79' lang='lat'><strong><em>15</em></strong></span> <span class='ocrx_word' id='word_1_126' title='bbox 164 1803 231 1866; x_wconf 83' lang='grc' dir='ltr'><strong><em>ἔδει</em></strong></span> <span class='ocrx_word' id='word_1_127' title='bbox 255 1800 369 1880; x_wconf 80' lang='grc' dir='ltr'><strong><em>δεῖξαι.</em></strong></span> 
     </span>
    </p>
   </div>
   <div class='ocr_carea' id='block_1_3' title="bbox 644 1938 701 2020">
    <p class='ocr_par' dir='ltr' id='par_1_3' title="bbox 644 1938 701 2020">
     <span class='ocr_line' id='line_1_17' title="bbox 644 1938 701 2020; baseline 0.018 -13"><span class='ocrx_word' id='word_1_128' title='bbox 644 1938 701 2020; x_wconf 81' lang='grc' dir='ltr'><strong><em>ξδ.</em></strong></span> 
     </span>
    </p>
   </div>
   <div class='ocr_carea' id='block_1_4' title="bbox 109 2061 1188 3000">
    <p class='ocr_par' dir='ltr' id='par_1_4' title="bbox 164 2061 1186 2363">
     <span class='ocr_line' id='line_1_18' title="bbox 234 2061 1185 2153; baseline 0.005 -22"><span class='ocrx_word' id='word_1_129' title='bbox 234 2061 284 2132; x_wconf 89' lang='grc' dir='ltr'><strong><em>Τὸ</em></strong></span> <span class='ocrx_word' id='word_1_130' title='bbox 308 2061 383 2132; x_wconf 86' lang='grc' dir='ltr'><strong><em>άπο</em></strong></span> <span class='ocrx_word' id='word_1_131' title='bbox 407 2067 474 2150; x_wconf 76' lang='grc' dir='ltr'><strong><em>τῆς</em></strong></span> <span class='ocrx_word' id='word_1_132' title='bbox 497 2061 618 2150; x_wconf 79' lang='grc' dir='ltr'><strong><em>ῥητὸν</em></strong></span> <span class='ocrx_word' id='word_1_133' title='bbox 640 2062 705 2130; x_wconf 79' lang='grc' dir='ltr'><strong><em>καὶ</em></strong></span> <span class='ocrx_word' id='word_1_134' title='bbox 729 2064 851 2149; x_wconf 89' lang='grc' dir='ltr'><strong><em>μέσον</em></strong></span> <span class='ocrx_word' id='word_1_135' title='bbox 871 2066 1099 2153; x_wconf 81' lang='grc' dir='ltr'><strong><em>δυναμένης</em></strong></span> <span class='ocrx_word' id='word_1_136' title='bbox 1117 2092 1185 2136; x_wconf 86' lang='grc' dir='ltr'><strong><em>πα-</em></strong></span> 
     </span>
     <span class='ocr_line' id='line_1_19' title="bbox 164 2148 1186 2260; baseline 0.005 -22"><span class='ocrx_word' id='word_1_137' title='bbox 164 2170 211 2259; x_wconf 89' lang='grc' dir='ltr'><strong><em>ρδι</em></strong></span> <span class='ocrx_word' id='word_1_138' title='bbox 235 2173 357 2259; x_wconf 81' lang='grc' dir='ltr'><strong><em>ῥητὴν</em></strong></span> <span class='ocrx_word' id='word_1_139' title='bbox 376 2166 736 2257; x_wconf 79' lang='grc' dir='ltr'><strong><em>παραβαλλόμενον</em></strong></span> <span class='ocrx_word' id='word_1_140' title='bbox 758 2167 905 2250; x_wconf 88' lang='grc' dir='ltr'><strong><em>πλάτος</em></strong></span> <span class='ocrx_word' id='word_1_141' title='bbox 922 2184 1033 2239; x_wconf 73' lang='grc' dir='ltr'><strong><em>ποιεῖ</em></strong></span> <span class='ocrx_word' id='word_1_142' title='bbox 1048 2148 1123 2260; x_wconf 73' lang='grc' dir='ltr'><strong><em>τδην</em></strong></span> <span class='ocrx_word' id='word_1_143' title='bbox 1147 2176 1186 2243; x_wconf 88' lang='grc' dir='ltr'><strong><em>ἐκ</em></strong></span> 
     </span>
     <span class='ocr_line' id='line_1_20' title="bbox 165 2274 680 2363; baseline -0.004 -18"><span class='ocrx_word' id='word_1_144' title='bbox 165 2275 238 2345; x_wconf 81' lang='grc' dir='ltr'><strong><em>δύο</em></strong></span> <span class='ocrx_word' id='word_1_145' title='bbox 263 2274 471 2363; x_wconf 86' lang='grc' dir='ltr'><strong><em>ὀνομάτων</em></strong></span> <span class='ocrx_word' id='word_1_146' title='bbox 493 2277 680 2361; x_wconf 90' lang='grc' dir='ltr'><strong><em>πέμπτην.</em></strong></span> 
     </span>
    </p>

    <p class='ocr_par' dir='ltr' id='par_1_5' title="bbox 111 2379 1188 2899">
     <span class='ocr_line' id='line_1_21' title="bbox 111 2379 1186 2474; baseline 0.004 -26"><span class='ocrx_word' id='word_1_147' title='bbox 111 2406 147 2455; x_wconf 79' lang='lat'><strong><em>20</em></strong></span> <span class='ocrx_word' id='word_1_148' title='bbox 223 2380 333 2449; x_wconf 83' lang='grc' dir='ltr'><strong><em>Ἔστω</em></strong></span> <span class='ocrx_word' id='word_1_149' title='bbox 357 2382 459 2468; x_wconf 76' lang='grc' dir='ltr'><strong><em>ῥητὸν</em></strong></span> <span class='ocrx_word' id='word_1_150' title='bbox 481 2381 537 2447; x_wconf 84' lang='grc' dir='ltr'><strong><em>καλ</em></strong></span> <span class='ocrx_word' id='word_1_151' title='bbox 557 2381 660 2468; x_wconf 86' lang='grc' dir='ltr'><strong><em>μέσον</em></strong></span> <span class='ocrx_word' id='word_1_152' title='bbox 682 2381 853 2469; x_wconf 79' lang='grc' dir='ltr'><strong><em>δυναμένη</em></strong></span> <span class='ocrx_word' id='word_1_153' title='bbox 871 2379 893 2469; x_wconf 82' lang='grc' dir='ltr'><em>ἡ</em></span> <span class='ocrx_word' id='word_1_154' title='bbox 912 2391 978 2453; x_wconf 88' lang='lat' dir='ltr'><strong><em>AB</em></strong></span> <span class='ocrx_word' id='word_1_155' title='bbox 998 2388 1186 2474; x_wconf 75' lang='grc' dir='ltr'><strong><em>διῃρημένη</em></strong></span> 
     </span>
     <span class='ocr_line' id='line_1_22' title="bbox 163 2483 1187 2580; baseline 0.007 -25"><span class='ocrx_word' id='word_1_156' title='bbox 163 2492 212 2568; x_wconf 78' lang='grc' dir='ltr'><strong><em>εἰς</em></strong></span> <span class='ocrx_word' id='word_1_157' title='bbox 238 2486 298 2567; x_wconf 87' lang='grc' dir='ltr'><strong><em>τδις</em></strong></span> <span class='ocrx_word' id='word_1_158' title='bbox 325 2483 460 2566; x_wconf 73' lang='grc' dir='ltr'><strong><em>εὐθείας</em></strong></span> <span class='ocrx_word' id='word_1_159' title='bbox 487 2490 569 2555; x_wconf 82' lang='grc' dir='ltr'><strong><em>κατὰ</em></strong></span> <span class='ocrx_word' id='word_1_160' title='bbox 597 2485 635 2555; x_wconf 89' lang='grc' dir='ltr'><strong><em>τδ</em></strong></span> <span class='ocrx_word' id='word_1_161' title='bbox 665 2493 708 2574; x_wconf 84' lang='grc' dir='ltr'><strong><em>Γ,</em></strong></span> <span class='ocrx_word' id='word_1_162' title='bbox 736 2486 820 2556; x_wconf 77' lang='grc' dir='ltr'><strong><em>ὥστε</em></strong></span> <span class='ocrx_word' id='word_1_163' title='bbox 847 2495 982 2576; x_wconf 81' lang='grc' dir='ltr'><strong><em>μείζονα</em></strong></span> <span class='ocrx_word' id='word_1_164' title='bbox 1009 2488 1187 2580; x_wconf 78' lang='grc' dir='ltr'><strong><em>εἶναιτὴν</em></strong></span> 
     </span>
     <span class='ocr_line' id='line_1_23' title="bbox 163 2591 1187 2687; baseline 0.008 -26"><span class='ocrx_word' id='word_1_165' title='bbox 163 2597 242 2680; x_wconf 84' lang='grc' dir='ltr'><strong><em>ΑΓ,</em></strong></span> <span class='ocrx_word' id='word_1_166' title='bbox 270 2592 326 2659; x_wconf 81' lang='grc' dir='ltr'><strong><em>καὶ</em></strong></span> <span class='ocrx_word' id='word_1_167' title='bbox 355 2594 517 2661; x_wconf 78' lang='grc' dir='ltr'><strong><em>ἐκκείσθω</em></strong></span> <span class='ocrx_word' id='word_1_168' title='bbox 542 2592 625 2681; x_wconf 79' lang='grc' dir='ltr'><strong><em>ῥητὴ</em></strong></span> <span class='ocrx_word' id='word_1_169' title='bbox 648 2591 669 2680; x_wconf 83' lang='grc' dir='ltr'><em>ἡ</em></span> <span class='ocrx_word' id='word_1_170' title='bbox 693 2602 727 2662; x_wconf 95' lang='lat' dir='ltr'><em>A</em></span> <span class='ocrx_word' id='word_1_171' title='bbox 734 2602 774 2681; x_wconf 83' lang='lat' dir='ltr'><strong><em>E,</em></strong></span> <span class='ocrx_word' id='word_1_172' title='bbox 799 2595 856 2662; x_wconf 82' lang='grc' dir='ltr'><strong><em>καὶ</em></strong></span> <span class='ocrx_word' id='word_1_173' title='bbox 878 2600 923 2687; x_wconf 75' lang='grc' dir='ltr'><strong><em>τῷ</em></strong></span> <span class='ocrx_word' id='word_1_174' title='bbox 947 2594 1013 2665; x_wconf 81' lang='grc' dir='ltr'><strong><em>ἀπὸ</em></strong></span> <span class='ocrx_word' id='word_1_175' title='bbox 1036 2602 1097 2685; x_wconf 84' lang='grc' dir='ltr'><strong><em>τῆς</em></strong></span> <span class='ocrx_word' id='word_1_176' title='bbox 1121 2607 1187 2669; x_wconf 84' lang='grc' dir='ltr'><strong><em>ΑΒ</em></strong></span> 
     </span>
     <span class='ocr_line' id='line_1_24' title="bbox 165 2696 1188 2788; baseline 0.009 -22"><span class='ocrx_word' id='word_1_177' title='bbox 165 2706 242 2767; x_wconf 76' lang='grc' dir='ltr'><strong><em>ἴσον</em></strong></span> <span class='ocrx_word' id='word_1_178' title='bbox 275 2696 364 2787; x_wconf 84' lang='grc' dir='ltr'><strong><em>παρὰ</em></strong></span> <span class='ocrx_word' id='word_1_179' title='bbox 396 2698 459 2786; x_wconf 86' lang='grc' dir='ltr'><strong><em>τὴν</em></strong></span> <span class='ocrx_word' id='word_1_180' title='bbox 493 2706 564 2768; x_wconf 88' lang='lat' dir='ltr'><strong><em>AE</em></strong></span> <span class='ocrx_word' id='word_1_181' title='bbox 593 2699 864 2788; x_wconf 76' lang='grc' dir='ltr'><strong><em>παραβεβλήσθω</em></strong></span> <span class='ocrx_word' id='word_1_182' title='bbox 896 2705 934 2770; x_wconf 89' lang='grc' dir='ltr'><strong><em>τὸ</em></strong></span> <span class='ocrx_word' id='word_1_183' title='bbox 966 2710 1032 2770; x_wconf 92' lang='grc' dir='ltr'><strong><em>ΔΖ</em></strong></span> <span class='ocrx_word' id='word_1_184' title='bbox 1062 2708 1188 2787; x_wconf 81' lang='grc' dir='ltr'><strong><em>πλάτος</em></strong></span> 
     </span>
     <span class='ocr_line' id='line_1_25' title="bbox 164 2803 1188 2899; baseline 0.006 -26"><span class='ocrx_word' id='word_1_185' title='bbox 164 2807 287 2874; x_wconf 86' lang='grc' dir='ltr'><strong><em>ποιοῦν</em></strong></span> <span class='ocrx_word' id='word_1_186' title='bbox 310 2805 371 2893; x_wconf 77' lang='grc' dir='ltr'><strong><em>τὴν</em></strong></span> <span class='ocrx_word' id='word_1_187' title='bbox 396 2813 481 2874; x_wconf 87' lang='lat' dir='ltr'><strong><em>AH·</em></strong></span> <span class='ocrx_word' id='word_1_188' title='bbox 512 2807 613 2893; x_wconf 79' lang='grc' dir='ltr'><strong><em>λέγω,</em></strong></span> <span class='ocrx_word' id='word_1_189' title='bbox 638 2804 688 2875; x_wconf 81' lang='grc' dir='ltr'><strong><em>ὅτι</em></strong></span> <span class='ocrx_word' id='word_1_190' title='bbox 712 2803 733 2892; x_wconf 80' lang='grc' dir='ltr'><em>ἡ</em></span> <span class='ocrx_word' id='word_1_191' title='bbox 757 2814 836 2875; x_wconf 90' lang='lat' dir='ltr'><strong><em>AH</em></strong></span> <span class='ocrx_word' id='word_1_192' title='bbox 854 2810 890 2876; x_wconf 93' lang='grc' dir='ltr'><strong><em>ἐκ</em></strong></span> <span class='ocrx_word' id='word_1_193' title='bbox 914 2808 977 2879; x_wconf 85' lang='grc' dir='ltr'><strong><em>δύο</em></strong></span> <span class='ocrx_word' id='word_1_194' title='bbox 1006 2807 1188 2899; x_wconf 87' lang='grc' dir='ltr'><strong><em>ὀνομάτων</em></strong></span> 
     </span>
    </p>

    <p class='ocr_par' dir='ltr' id='par_1_6' title="bbox 109 2913 394 3000">
     <span class='ocr_line' id='line_1_26' title="bbox 109 2913 394 3000; baseline 0.007 -20"><span class='ocrx_word' id='word_1_195' title='bbox 109 2934 145 2987; x_wconf 80' lang='lat'><strong><em>25</em></strong></span> <span class='ocrx_word' id='word_1_196' title='bbox 165 2913 234 2982; x_wconf 86' lang='grc' dir='ltr'><strong><em>ἐστὶ</em></strong></span> <span class='ocrx_word' id='word_1_197' title='bbox 257 2914 394 3000; x_wconf 85' lang='grc' dir='ltr'><strong><em>πέμπτη.</em></strong></span> 
     </span>
    </p>
   </div>
   <div class='ocr_carea' id='block_1_5' title="bbox 163 3088 1223 3589">
    <p class='ocr_par' dir='ltr' id='par_1_7' title="bbox 164 3088 1223 3309">
     <span class='ocr_line' id='line_1_27' title="bbox 238 3088 1187 3167; baseline 0.005 -23"><span class='ocrx_word' id='word_1_198' title='bbox 238 3096 261 3144; x_wconf 86' lang='grc'><strong><em>1.</em></strong></span> <span class='ocrx_word' id='word_1_199' title='bbox 285 3091 349 3162; x_wconf 75' lang='grc' dir='ltr'><strong><em>τῆς]</em></strong></span> <span class='ocrx_word' id='word_1_200' title='bbox 373 3092 406 3162; x_wconf 77' lang='grc' dir='ltr'><strong><em>τῇ</em></strong></span> <span class='ocrx_word' id='word_1_201' title='bbox 426 3090 473 3146; x_wconf 83' lang='lat' dir='ltr'><strong><em>V?</em></strong></span> <span class='ocrx_word' id='word_1_202' title='bbox 527 3094 596 3145; x_wconf 92' lang='lat' dir='ltr'><strong><em>MN</em></strong></span> <span class='ocrx_word' id='word_1_203' title='bbox 612 3091 672 3148; x_wconf 86' lang='lat' dir='ltr'><strong><em>BV.</em></strong></span> <span class='ocrx_word' id='word_1_204' title='bbox 728 3088 784 3147; x_wconf 85' lang='grc' dir='ltr'><strong><em>δπό</em></strong></span> <span class='ocrx_word' id='word_1_205' title='bbox 805 3091 914 3148; x_wconf 65' lang='grc' dir='ltr'><strong><em>τῶνὛ.</em></strong></span> <span class='ocrx_word' id='word_1_206' title='bbox 970 3095 1081 3167; x_wconf 83' lang='grc' dir='ltr'><strong><em>ΔΚΜ]</em></strong></span> <span class='ocrx_word' id='word_1_207' title='bbox 1101 3112 1187 3167; x_wconf 76' lang='lat' dir='ltr'><strong>supra</strong></span> 
     </span>
     <span class='ocr_line' id='line_1_28' title="bbox 164 3157 1184 3292; baseline 0.006 -77"><span class='ocrx_word' id='word_1_208' title='bbox 164 3160 229 3215; x_wconf 82' lang='lat' dir='ltr'><strong>add.</strong></span> <span class='ocrx_word' id='word_1_209' title='bbox 250 3165 278 3215; x_wconf 88' lang='lat' dir='ltr'><em>K</em></span> <span class='ocrx_word' id='word_1_210' title='bbox 294 3161 328 3216; x_wconf 89' lang='lat' dir='ltr'><strong><em>V.</em></strong></span> <span class='ocrx_word' id='word_1_211' title='bbox 410 3168 435 3216; x_wconf 89' lang='grc'><strong><em>3.</em></strong></span> <span class='ocrx_word' id='word_1_212' title='bbox 458 3157 508 3233; x_wconf 89' lang='grc' dir='ltr'><strong><em>τό]</em></strong></span> <span class='ocrx_word' id='word_1_213' title='bbox 533 3178 601 3217; x_wconf 86' lang='lat' dir='ltr'>corr.</span> <span class='ocrx_word' id='word_1_214' title='bbox 622 3180 655 3217; x_wconf 83' lang='lat' dir='ltr'><strong><em>ex</em></strong></span> <span class='ocrx_word' id='word_1_215' title='bbox 673 3159 727 3217; x_wconf 73' lang='grc' dir='ltr'><strong><em>τάλ</em></strong></span> <span class='ocrx_word' id='word_1_216' title='bbox 746 3163 777 3218; x_wconf 83' lang='lat' dir='ltr'><strong><em>F.</em></strong></span> <span class='ocrx_word' id='word_1_217' title='bbox 860 3169 885 3217; x_wconf 84' lang='lat'><strong><em>4.</em></strong></span> <span class='ocrx_word' id='word_1_218' title='bbox 911 3158 1105 3292; x_wconf 48' lang='grc' dir='ltr'><strong><em>άσάμμετοοςέ</em></strong></span> <span class='ocrx_word' id='word_1_219' title='bbox 1131 3184 1184 3223; x_wconf 90' lang='lat' dir='ltr'><strong><em>om.</em></strong></span> 
     </span>
     <span class='ocr_line' id='line_1_29' title="bbox 165 3229 1223 3309; baseline 0.009 -25"><span class='ocrx_word' id='word_1_220' title='bbox 165 3231 264 3286; x_wconf 86' lang='lat' dir='ltr'>Theon</span> <span class='ocrx_word' id='word_1_221' title='bbox 289 3230 435 3301; x_wconf 81' lang='lat' dir='ltr'>(BFVb).</span> <span class='ocrx_word' id='word_1_222' title='bbox 517 3236 584 3286; x_wconf 83' lang='grc' dir='ltr'><strong><em>ΚΜ</em></strong></span> <span class='ocrx_word' id='word_1_223' title='bbox 606 3229 785 3303; x_wconf 85' lang='grc' dir='ltr'><strong><em>άοόμμετρός</em></strong></span> <span class='ocrx_word' id='word_1_224' title='bbox 809 3230 886 3290; x_wconf 79' lang='grc' dir='ltr'><strong><em>ἐστιν</em></strong></span> <span class='ocrx_word' id='word_1_225' title='bbox 910 3233 1008 3291; x_wconf 84' lang='lat' dir='ltr'>Theon</span> <span class='ocrx_word' id='word_1_226' title='bbox 1036 3237 1076 3302; x_wconf 93' lang='lat' dir='ltr'><strong><em>(B</em></strong></span> <span class='ocrx_word' id='word_1_227' title='bbox 1110 3238 1183 3309; x_wconf 87' lang='lat' dir='ltr'><strong>Vb).</strong></span> <span class='ocrx_word' id='word_1_228' title='bbox 1213 3286 1223 3297; x_wconf 90' lang='lat'>.</span> 
     </span>
    </p>

    <p class='ocr_par' dir='ltr' id='par_1_8' title="bbox 163 3293 1184 3589">
     <span class='ocr_line' id='line_1_30' title="bbox 202 3293 1183 3377; baseline 0.008 -22"><span class='ocrx_word' id='word_1_229' title='bbox 202 3307 226 3355; x_wconf 79' lang='lat'><strong><em>5.</em></strong></span> <span class='ocrx_word' id='word_1_230' title='bbox 246 3293 313 3356; x_wconf 85' lang='grc' dir='ltr'><strong><em>άσιν</em></strong></span> <span class='ocrx_word' id='word_1_231' title='bbox 334 3300 394 3357; x_wconf 70' lang='lat' dir='ltr'><strong><em>BF.</em></strong></span> <span class='ocrx_word' id='word_1_232' title='bbox 450 3308 474 3359; x_wconf 82' lang='grc'><strong><em>6.</em></strong></span> <span class='ocrx_word' id='word_1_233' title='bbox 494 3301 562 3358; x_wconf 75' lang='lat' dir='ltr'><strong>Post</strong></span> <span class='ocrx_word' id='word_1_234' title='bbox 580 3304 641 3358; x_wconf 77' lang='grc' dir='ltr'><strong><em>ἴσον</em></strong></span> <span class='ocrx_word' id='word_1_235' title='bbox 660 3304 714 3358; x_wconf 81' lang='lat' dir='ltr'>del.</span> <span class='ocrx_word' id='word_1_236' title='bbox 733 3300 811 3373; x_wconf 87' lang='grc' dir='ltr'><strong><em>παρδι</em></strong></span> <span class='ocrx_word' id='word_1_237' title='bbox 825 3300 878 3374; x_wconf 82' lang='grc' dir='ltr'><strong><em>τὴν</em></strong></span> <span class='ocrx_word' id='word_1_238' title='bbox 892 3307 1008 3375; x_wconf 79' lang='grc' dir='ltr'><strong><em>μείζονα</em></strong></span> <span class='ocrx_word' id='word_1_239' title='bbox 1026 3305 1056 3364; x_wconf 80' lang='lat' dir='ltr'><strong><em>F.</em></strong></span> <span class='ocrx_word' id='word_1_240' title='bbox 1113 3328 1183 3377; x_wconf 86' lang='grc' dir='ltr'><strong><em>παρ·</em></strong></span> 
     </span>
     <span class='ocr_line' id='line_1_31' title="bbox 163 3370 1184 3449; baseline 0.009 -23"><span class='ocrx_word' id='word_1_241' title='bbox 163 3370 416 3444; x_wconf 80' lang='grc' dir='ltr'><strong><em>αλληλόγραμμον]</em></strong></span> <span class='ocrx_word' id='word_1_242' title='bbox 436 3389 488 3427; x_wconf 90' lang='lat' dir='ltr'><strong><em>om.</em></strong></span> <span class='ocrx_word' id='word_1_243' title='bbox 508 3373 542 3428; x_wconf 87' lang='lat' dir='ltr'><strong><em>V.</em></strong></span> <span class='ocrx_word' id='word_1_244' title='bbox 616 3379 640 3432; x_wconf 78' lang='lat'><strong><em>⁷.</em></strong></span> <span class='ocrx_word' id='word_1_245' title='bbox 659 3373 737 3445; x_wconf 82' lang='grc' dir='ltr'><strong><em>παρὰ</em></strong></span> <span class='ocrx_word' id='word_1_246' title='bbox 755 3373 807 3442; x_wconf 85' lang='grc' dir='ltr'><strong><em>τὴν</em></strong></span> <span class='ocrx_word' id='word_1_247' title='bbox 827 3377 959 3448; x_wconf 77' lang='grc' dir='ltr'><strong><em>μείζονα]</em></strong></span> <span class='ocrx_word' id='word_1_248' title='bbox 984 3392 1039 3434; x_wconf 87' lang='lat' dir='ltr'><strong><em>om.</em></strong></span> <span class='ocrx_word' id='word_1_249' title='bbox 1058 3378 1120 3449; x_wconf 69' lang='lat'><strong>1⁴¹1),</strong></span> <span class='ocrx_word' id='word_1_250' title='bbox 1146 3398 1184 3435; x_wconf 91' lang='lat' dir='ltr'><strong><em>m.</em></strong></span> 
     </span>
     <span class='ocr_line' id='line_1_32' title="bbox 165 3443 1183 3525; baseline 0.007 -27"><span class='ocrx_word' id='word_1_251' title='bbox 165 3443 232 3498; x_wconf 75' lang='lat'><strong><em>213.</em></strong></span> <span class='ocrx_word' id='word_1_252' title='bbox 305 3450 329 3498; x_wconf 91' lang='lat'><strong><em>8.</em></strong></span> <span class='ocrx_word' id='word_1_253' title='bbox 355 3445 465 3512; x_wconf 87' lang='grc' dir='ltr'><strong><em>διαιρεῖ</em></strong></span> <span class='ocrx_word' id='word_1_254' title='bbox 482 3445 517 3512; x_wconf 86' lang='lat' dir='ltr'><strong><em>F,</em></strong></span> <span class='ocrx_word' id='word_1_255' title='bbox 542 3446 651 3514; x_wconf 86' lang='grc' dir='ltr'><strong><em>διαιρεῖ</em></strong></span> <span class='ocrx_word' id='word_1_256' title='bbox 666 3443 749 3517; x_wconf 83' lang='grc' dir='ltr'><strong><em>μήκει</em></strong></span> <span class='ocrx_word' id='word_1_257' title='bbox 772 3446 805 3502; x_wconf 83' lang='lat' dir='ltr'><strong><em>V.</em></strong></span> <span class='ocrx_word' id='word_1_258' title='bbox 884 3454 924 3503; x_wconf 87' lang='lat'><strong><em>10.</em></strong></span> <span class='ocrx_word' id='word_1_259' title='bbox 950 3448 1030 3520; x_wconf 87' lang='lat' dir='ltr'><strong><em>AM]</em></strong></span> <span class='ocrx_word' id='word_1_260' title='bbox 1055 3466 1126 3506; x_wconf 77' lang='lat' dir='ltr'><strong>corr.</strong></span> <span class='ocrx_word' id='word_1_261' title='bbox 1150 3466 1183 3525; x_wconf 62' lang='lat' dir='ltr'><strong><em>§x</em></strong></span> 
     </span>
     <span class='ocr_line' id='line_1_33' title="bbox 164 3514 1182 3589; baseline 0.007 -21"><span class='ocrx_word' id='word_1_262' title='bbox 164 3518 229 3569; x_wconf 86' lang='grc' dir='ltr'><strong><em>ΔΗ</em></strong></span> <span class='ocrx_word' id='word_1_263' title='bbox 245 3514 274 3568; x_wconf 80' lang='lat' dir='ltr'><strong><em>F.</em></strong></span> <span class='ocrx_word' id='word_1_264' title='bbox 340 3520 381 3571; x_wconf 93' lang='lat'><strong><em>11.</em></strong></span> <span class='ocrx_word' id='word_1_265' title='bbox 401 3514 559 3586; x_wconf 87' lang='grc' dir='ltr'><strong><em>συμμέτρου</em></strong></span> <span class='ocrx_word' id='word_1_266' title='bbox 577 3516 608 3573; x_wconf 87' lang='lat' dir='ltr'><strong><em>F.</em></strong></span> <span class='ocrx_word' id='word_1_267' title='bbox 674 3524 715 3573; x_wconf 83' lang='lat'><strong><em>13.</em></strong></span> <span class='ocrx_word' id='word_1_268' title='bbox 736 3518 806 3589; x_wconf 89' lang='grc' dir='ltr'><strong><em>ΔΕ]</em></strong></span> <span class='ocrx_word' id='word_1_269' title='bbox 827 3535 896 3575; x_wconf 81' lang='lat' dir='ltr'>corr.</span> <span class='ocrx_word' id='word_1_270' title='bbox 917 3535 950 3574; x_wconf 83' lang='lat' dir='ltr'><strong><em>ex</em></strong></span> <span class='ocrx_word' id='word_1_271' title='bbox 968 3524 1032 3574; x_wconf 83' lang='grc' dir='ltr'><strong><em>ΔΗ</em></strong></span> <span class='ocrx_word' id='word_1_272' title='bbox 1046 3520 1078 3576; x_wconf 86' lang='lat' dir='ltr'><strong><em>F.</em></strong></span> <span class='ocrx_word' id='word_1_273' title='bbox 1140 3528 1182 3577; x_wconf 83' lang='lat'><strong><em>14.</em></strong></span> 
     </span>
    </p>
   </div>
   <div class='ocr_carea' id='block_1_6' title="bbox 0 0 1245 3908">
    <p class='ocr_par' dir='ltr' id='par_1_9' title="bbox 0 0 1245 3908">
     <span class='ocr_line' id='line_1_34' title="bbox 0 0 1245 3908; baseline 0 0"><span class='ocrx_word' id='word_1_274' title='bbox 0 0 1245 3908; x_wconf 95' lang='lat' dir='ltr'><strong><em> </em></strong></span> 
     </span>
    </p>
   </div>
  </div>
 </body>
</html>
