2474 3908
344 157 620 210 acaunusoauu
637 157 747 208 muna
764 158 797 209 x,
1015 153 1077 217 161

127 321 203 365 nam
222 276 375 384 quoniam
393 305 425 363 A
432 303 465 362 A
488 320 526 363 ex
547 299 672 363 duobus
691 297 877 364 nominibus
896 297 1002 381 prima
1021 302 1080 381 est,

61 409 99 473 in
121 410 154 470 Ε
175 407 210 471 in
232 405 366 471 nomina
393 405 570 487 diuidatur,
600 409 632 468 et
659 405 763 469 maius
791 424 910 468 nomen
938 404 982 468 sit
1003 407 1079 469 ΑΕ.

63 512 275 578 manifestum
298 513 412 596 igitur,
443 517 475 576 A
481 515 525 593 E,
549 515 617 575 ΕΔ
640 511 815 576 rationales
839 531 909 574 esse
932 511 1080 595 potentia

62 623 195 684 tantum
216 618 533 702 commensurabiles,
556 621 588 682 et
612 614 697 682 ΑΕ2
721 617 872 682 excedere
897 613 978 681 ΕΔ2
1002 638 1081 701 qua·
1213 672 1218 678 .

67 727 163 791 drato
194 727 303 789 rectae
336 725 399 789 sibi
427 723 744 806 commensurabilis,
777 728 809 788 et
838 728 906 789 ΑΕ
927 723 1080 787 rationali

65 831 253 918 propositae
271 836 337 896 AB
356 830 560 916 longitudine
575 831 897 895 commensurabilem
915 851 984 895 esse
1004 829 1080 912 [def.

64 939 121 1004 alt.
139 940 181 1018 1].
217 937 284 1002 iam
305 941 374 1001 EA
397 937 432 1001 in
452 940 479 1000 Z
502 939 622 1020 puncto
646 935 779 1000 induas
798 941 908 1019 partes
929 936 1078 1020 aequales

65 1046 200 1109 secetur.
238 1047 271 1106 et
285 1043 438 1126 quoniam
452 1048 484 1106 A
490 1040 537 1106 Ε2
557 1041 681 1106 excedit
700 1038 781 1104 ΕΔΗ
796 1042 955 1125 quadrato
973 1046 1080 1106 rectae

65 1150 132 1214 sibi
151 1149 462 1231 commensurabilia,
481 1149 510 1213 si
524 1126 657 1232 quartae
672 1147 758 1230 parti
773 1148 923 1232 quadrati
938 1148 1080 1230 minoris,

65 1257 130 1321 hoc
154 1257 203 1319 est
222 1254 379 1338 quadrato
405 1250 490 1332 132²,
514 1254 647 1337 aequale
672 1253 785 1318 maiori
809 1258 878 1318 ΑΕ
899 1254 1081 1338 adplicatur

64 1361 410 1447 parallelogrammum
438 1360 544 1445 figura
568 1360 726 1445 quadrata
754 1359 919 1444 deficiens,
948 1382 1019 1424 eam
1047 1360 1081 1423 in

64 1471 176 1552 partes
192 1467 498 1531 commensurabiles
514 1465 629 1531 diuidit
644 1465 878 1550 [prop.-XVIl].
902 1467 1081 1551 adplicetur

63 1574 167 1659 igitur
194 1576 302 1638 rectae
328 1577 397 1636 ΑΕ
418 1573 574 1657 quadrato
599 1571 680 1637 ΕΖ2
703 1575 836 1658 aequale
860 1577 936 1638 ΑΗ
945 1588 988 1642 ><
1003 1577 1080 1637 HE.

65 1681 177 1764 itaque
196 1680 277 1762 ΛΗ,
297 1682 369 1743 ΕΗ
384 1679 587 1764 longitudine
602 1680 909 1744 commensurabiles
929 1684 1013 1744 sunt.
1049 1683 1081 1743 ct

65 1787 108 1853 ab
137 1789 186 1867 H,
211 1789 307 1867 E,Z
336 1785 483 1850 alterutri
511 1789 594 1865 AB,
619 1788 684 1849 ΓΔ
716 1786 891 1869 parallelae
925 1785 1082 1850 ducantur

65 1895 146 1975 Ha,
165 1894 242 1973 ΕΚ,
262 1894 335 1956 ΖΛ.
371 1895 404 1956 et
426 1892 732 1976 parallelogrammo
756 1894 824 1955 ΑΘ
846 1892 980 1975 aequale
1005 1914 1081 1975 qua-

65 1999 197 2064 dratum
220 2001 296 2062 ΣΝ
315 2001 535 2080 construatur,
563 2002 596 2062 et
619 2000 696 2061 NH
709 2027 751 2050 =
766 2001 841 2061 HK
864 1995 923 2079 [lI,
948 1998 1019 2080 14],
1048 2000 1081 2061 et

67 2106 117 2170 ita
135 2107 308 2189 ponantur,
331 2108 367 2168 ut
390 2106 484 2184 MN,
504 2106 544 2167 N
544 2102 574 2176 Ξ
590 2103 623 2166 in
643 2103 754 2167 eadem
773 2107 861 2168 recta
880 2103 958 2186 sint,
982 2124 1081 2186 quare

67 2210 169 2276 etiam
197 2212 372 2292 ΡΝ,Νο
398 2209 432 2274 in
461 2209 573 2274 eadem
602 2213 678 2273 sunt
705 2213 803 2274 recta.
849 2212 882 2272 et
910 2208 1080 2291 parallelo·

67 2338 252 2402 grammum
275 2319 353 2379 ΣΠ
375 2317 553 2401 expleatur3
586 2315 695 2400 itaque
719 2319 795 2379 ΣΠ
816 2314 1009 2399 quadratum
1032 2317 1082 2378 est

68 2424 113 2506 [a
137 2423 278 2502 lemmal.
320 2426 352 2485 et
377 2421 529 2506 quoniam
554 2427 604 2486 est
626 2424 701 2485 ΑΗ
712 2437 754 2490 ><
769 2426 841 2487 ΗΕ
854 2452 895 2474 =
910 2417 996 2504 1322,
1020 2419 1081 2485 erit

66 2533 144 2594 ΑΗ
153 2551 161 2592 :
176 2533 238 2593 ΕΖ
253 2557 295 2580 =
312 2531 395 2591 ZE:
411 2532 483 2592 ΕΗ
503 2527 572 2609 [VI,
599 2530 663 2610 17].
708 2550 809 2613 quare
832 2528 929 2593 etiam

283 2636 354 2707 Aa
368 2656 375 2698 :
390 2637 456 2698 ΕΛ
472 2663 514 2686 =
529 2637 595 2697 EA
608 2656 616 2698 ε
631 2637 708 2699 KH
727 2633 796 2718 [Vr
817 2637 860 2715 1].

103 2859 180 2930 ΕΗ]
200 2863 258 2914 ΗΕ
279 2859 309 2914 in
327 2877 381 2916 ras.
401 2861 434 2914 V.
507 2867 547 2915 15.
574 2862 616 2932 H]
637 2880 673 2916 m.
694 2866 709 2914 2
729 2861 759 2917 F.
831 2861 893 2932 ΑΒ]
916 2865 938 2913 Α
958 2876 1030 2914 cras.
1050 2860 1079 2913 F.

104 2929 170 3000 ΓΔ]
189 2931 219 2984 in
237 2947 291 2986 ras.
311 2932 344 2998 V,
363 2937 417 2986 ΒΔ
435 2932 467 2999 F,
486 2935 543 2986 ΔΓ
558 2931 590 2986 Β.
660 2938 701 2987 16.
722 2930 793 3000 ΕΚ]
809 2933 833 2984 Ε
851 2934 951 3000 postea
968 2930 1020 2985 ins.
1042 2949 1079 2984 m.

67 3009 83 3056 1
103 3003 134 3057 F.
199 3002 260 3074 ΖΛ]
279 3003 348 3058 mut.
366 3003 397 3056 in
415 3007 465 3056 ΛΖ
483 3002 517 3068 V,
535 3007 586 3056 ΛΖ
605 3001 686 3057 BFb.
745 2997 1034 3069 παραλληλόγραμμον
1048 3002 1080 3068 Ρ,

65 3090 138 3129 corr.
152 3091 188 3127 m.
205 3079 228 3126 1.
286 3080 327 3129 17.
346 3074 423 3145 ΣΝ]
443 3076 471 3127 Σ
488 3089 557 3128 corr.
572 3090 606 3128 ex
626 3076 650 3127 Ε
670 3071 750 3126 ΒΕῚ).
808 3077 849 3127 18.
868 3073 1032 3126 κείσθωσαν
1047 3071 1081 3127 V.

102 3144 187 3216 MN]
211 3160 282 3201 corr.
301 3160 335 3198 ex
353 3146 385 3198 N
402 3162 439 3199 m.
461 3151 474 3198 1
494 3145 524 3198 F.
598 3150 640 3202 19.
660 3140 736 3199 ἐστίν
755 3141 786 3197 Β.
859 3144 917 3196 ΝΡ
933 3144 965 3199 P.
1039 3150 1082 3198 20.

66 3215 142 3285 ΣΠ]
163 3230 231 3270 corr.
251 3232 285 3269 ex
303 3219 362 3269 ΕΠ
380 3215 411 3284 Β,
430 3216 499 3270 item
514 3215 562 3271 lin.
577 3221 620 3270 21.
680 3220 722 3268 21.
741 3211 786 3285 τό]
807 3212 843 3287 τῷ
858 3213 892 3270 V.
947 3218 1035 3269 ΑΗΕ
1055 3215 1082 3284 b,

67 3287 99 3340 et
116 3301 185 3340 corr.
204 3286 235 3340 in
253 3290 317 3352 ΑΗ,
338 3289 399 3340 ΕΗ
415 3305 451 3341 m.
471 3292 487 3340 2
506 3285 545 3353 V,
564 3291 620 3341 ΑΗ
638 3287 673 3352 F,
692 3286 722 3339 et
739 3285 776 3351 B,
796 3301 864 3340 corr.
884 3303 919 3339 m.
939 3291 965 3343 2.
1038 3292 1082 3342 22.

16 3355 118 3430 ,τῷ]
138 3353 170 3411 τό
189 3357 223 3411 V.
295 3363 338 3412 2³.
357 3353 428 3426 πρὸς
445 3354 497 3426 τήν
515 3357 548 3414 V.
622 3357 761 3428 maz
779 3354 810 3411 Ρ.
880 3357 954 3481 ΕΗ)
974 3354 1026 3426 τὴν
1048 3362 1084 3424 Η,

66 3428 134 3481 ante
155 3430 186 3481 H
199 3444 252 3482 ras.
271 3435 284 3482 1
300 3428 355 3483 litt.
370 3429 405 3481 V.
460 3433 502 3483 24.
521 3424 593 3492 πρὸς
610 3424 650 3495 τό,
671 3444 728 3495 seq.
743 3443 797 3482 ras.
814 3433 828 3482 1
843 3427 907 3492 litt,
952 3471 959 3485 .

67 3500 95 3552 Ε
113 3514 183 3554 eras.
202 3497 236 3554 V.
307 3495 339 3554 ab
361 3503 422 3553 KH
439 3499 472 3553 V.
544 3496 617 3570 dou]
641 3500 740 3568 postea
759 3499 821 3554 add.
842 3517 878 3554 m.
900 3508 912 3553 1
933 3500 962 3553 P.

121 3596 274 3650 Euclides,
291 3598 342 3639 edd.
356 3597 459 3645 Helberg
473 3599 495 3636 et
508 3598 598 3648 Menga.
626 3598 671 3637 m.
898 3594 936 3639 lx

1016 3428 1081 3499 aa]
