<?xml version="1.0" encoding="UTF-8"?>
<!DOCTYPE html PUBLIC "-//W3C//DTD XHTML 1.0 Transitional//EN"
    "http://www.w3.org/TR/xhtml1/DTD/xhtml1-transitional.dtd">
<html xmlns="http://www.w3.org/1999/xhtml" xml:lang="en" lang="en">
 <head>
  <title>
</title>
<meta http-equiv="Content-Type" content="text/html;charset=utf-8" />
  <meta name='ocr-system' content='tesseract 3.04.00' />
  <meta name='ocr-capabilities' content='ocr_page ocr_carea ocr_par ocr_line ocrx_word'/>
</head>
<body>
  <div class='ocr_page' id='page_1' title='image "./euclidisoperaom06unkngoog_0070.png"; bbox 0 0 2474 3908; ppageno 0'>
   <div class='ocr_carea' id='block_1_1' title="bbox 394 189 1123 254">
    <p class='ocr_par' dir='ltr' id='par_1_1' title="bbox 394 189 1123 254">
     <span class='ocr_line' id='line_1_1' title="bbox 394 189 1123 254; baseline 0.019 -14"><span class='ocrx_word' id='word_1_1' title='bbox 394 190 667 242; x_wconf 78' lang='lat' dir='ltr'><strong>nnaunuuonuu</strong></span> <span class='ocrx_word' id='word_1_2' title='bbox 685 192 794 243; x_wconf 79' lang='lat' dir='ltr'><strong>umus</strong></span> <span class='ocrx_word' id='word_1_3' title='bbox 811 193 844 244; x_wconf 81' lang='lat' dir='ltr'><strong>x,</strong></span> <span class='ocrx_word' id='word_1_4' title='bbox 1082 189 1123 254; x_wconf 82' lang='lat'><strong>57</strong></span> 
     </span>
    </p>
   </div>
   <div class='ocr_carea' id='block_1_2' title="bbox 100 331 1126 1694">
    <p class='ocr_par' dir='ltr' id='par_1_2' title="bbox 107 331 1125 504">
     <span class='ocr_line' id='line_1_2' title="bbox 109 331 1125 419; baseline 0.005 -25"><span class='ocrx_word' id='word_1_5' title='bbox 109 331 409 416; x_wconf 90' lang='lat' dir='ltr'><strong>demonstrandum,</strong></span> <span class='ocrx_word' id='word_1_6' title='bbox 433 337 501 397; x_wconf 82' lang='lat' dir='ltr'><strong>BA</strong></span> <span class='ocrx_word' id='word_1_7' title='bbox 520 337 553 398; x_wconf 86' lang='lat' dir='ltr'><strong>et</strong></span> <span class='ocrx_word' id='word_1_8' title='bbox 573 336 644 399; x_wconf 89' lang='grc' dir='ltr'><strong>ΔΓ</strong></span> <span class='ocrx_word' id='word_1_9' title='bbox 663 333 866 419; x_wconf 77' lang='lat' dir='ltr'>longitudine</span> <span class='ocrx_word' id='word_1_10' title='bbox 889 335 1125 399; x_wconf 86' lang='lat' dir='ltr'><strong>incommensu-</strong></span> 
     </span>
     <span class='ocr_line' id='line_1_3' title="bbox 107 437 334 504; baseline 0.009 -2"><span class='ocrx_word' id='word_1_11' title='bbox 107 437 231 502; x_wconf 86' lang='lat' dir='ltr'><strong>rabiles</strong></span> <span class='ocrx_word' id='word_1_12' title='bbox 255 459 334 504; x_wconf 89' lang='lat' dir='ltr'><strong>esse.</strong></span> 
     </span>
    </p>

    <p class='ocr_par' dir='ltr' id='par_1_3' title="bbox 100 545 1126 1586">
     <span class='ocr_line' id='line_1_4' title="bbox 178 545 1125 630; baseline 0.002 -21"><span class='ocrx_word' id='word_1_13' title='bbox 178 545 294 610; x_wconf 89' lang='lat' dir='ltr'><strong>iisdem</strong></span> <span class='ocrx_word' id='word_1_14' title='bbox 318 546 404 610; x_wconf 91' lang='lat' dir='ltr'><strong>enim</strong></span> <span class='ocrx_word' id='word_1_15' title='bbox 429 547 626 629; x_wconf 88' lang='lat' dir='ltr'><strong>comparatis</strong></span> <span class='ocrx_word' id='word_1_16' title='bbox 650 546 801 611; x_wconf 87' lang='lat' dir='ltr'><strong>similiter</strong></span> <span class='ocrx_word' id='word_1_17' title='bbox 822 547 1125 630; x_wconf 81' lang='lat' dir='ltr'><strong>demonstrabimus,</strong></span> 
     </span>
     <span class='ocr_line' id='line_1_5' title="bbox 100 648 1125 736; baseline 0.001 -21"><span class='ocrx_word' id='word_1_18' title='bbox 100 671 182 716; x_wconf 90' lang='lat' dir='ltr'><strong>esse</strong></span> <span class='ocrx_word' id='word_1_19' title='bbox 203 648 283 715; x_wconf 76' lang='lat' dir='ltr'><strong>Br²</strong></span> <span class='ocrx_word' id='word_1_20' title='bbox 300 682 343 704; x_wconf 92' lang='lat'>=</span> <span class='ocrx_word' id='word_1_21' title='bbox 358 649 409 715; x_wconf 73' lang='grc' dir='ltr'><strong>Α2</strong></span> <span class='ocrx_word' id='word_1_22' title='bbox 425 655 465 735; x_wconf 88' lang='grc' dir='ltr'><strong>-Ι-</strong></span> <span class='ocrx_word' id='word_1_23' title='bbox 482 650 569 717; x_wconf 63' lang='lat' dir='ltr'><strong>ZAl.</strong></span> <span class='ocrx_word' id='word_1_24' title='bbox 607 650 682 743; x_wconf 76' lang='lat' dir='ltr'><strong>BF²</strong></span> <span class='ocrx_word' id='word_1_25' title='bbox 702 656 811 717; x_wconf 91' lang='lat' dir='ltr'><strong>autem</strong></span> <span class='ocrx_word' id='word_1_26' title='bbox 831 651 875 716; x_wconf 74' lang='grc' dir='ltr'><strong>Α2</strong></span> <span class='ocrx_word' id='word_1_27' title='bbox 899 653 1024 719; x_wconf 88' lang='lat' dir='ltr'><strong>excedit</strong></span> <span class='ocrx_word' id='word_1_28' title='bbox 1048 675 1125 736; x_wconf 90' lang='lat' dir='ltr'><strong>qua·</strong></span> 
     </span>
     <span class='ocr_line' id='line_1_6' title="bbox 108 755 1126 843; baseline 0.002 -22"><span class='ocrx_word' id='word_1_29' title='bbox 108 755 204 823; x_wconf 84' lang='lat' dir='ltr'><strong>druto</strong></span> <span class='ocrx_word' id='word_1_30' title='bbox 226 760 334 822; x_wconf 89' lang='lat' dir='ltr'><strong>rectae</strong></span> <span class='ocrx_word' id='word_1_31' title='bbox 359 757 422 822; x_wconf 86' lang='lat' dir='ltr'><strong>sibi</strong></span> <span class='ocrx_word' id='word_1_32' title='bbox 444 759 788 824; x_wconf 81' lang='lat' dir='ltr'><strong>incommensurabilis.</strong></span> <span class='ocrx_word' id='word_1_33' title='bbox 829 759 939 843; x_wconf 90' lang='lat' dir='ltr'><strong>itaque</strong></span> <span class='ocrx_word' id='word_1_34' title='bbox 959 763 1033 842; x_wconf 85' lang='grc' dir='ltr'><strong>ΒΓ,</strong></span> <span class='ocrx_word' id='word_1_35' title='bbox 1058 764 1126 823; x_wconf 88' lang='grc' dir='ltr'><strong>ΖΔ</strong></span> 
     </span>
     <span class='ocr_line' id='line_1_7' title="bbox 108 863 1126 950; baseline 0.004 -24"><span class='ocrx_word' id='word_1_36' title='bbox 108 863 314 948; x_wconf 83' lang='lat' dir='ltr'><strong>longitudine</strong></span> <span class='ocrx_word' id='word_1_37' title='bbox 337 865 680 930; x_wconf 81' lang='lat' dir='ltr'><strong>incommensurabiles</strong></span> <span class='ocrx_word' id='word_1_38' title='bbox 705 869 789 930; x_wconf 91' lang='lat' dir='ltr'><strong>sunt.</strong></span> <span class='ocrx_word' id='word_1_39' title='bbox 827 888 926 950; x_wconf 88' lang='lat' dir='ltr'><strong>quare</strong></span> <span class='ocrx_word' id='word_1_40' title='bbox 945 868 1011 930; x_wconf 88' lang='grc' dir='ltr'><strong>ΒΓ</strong></span> <span class='ocrx_word' id='word_1_41' title='bbox 1026 866 1126 930; x_wconf 87' lang='lat' dir='ltr'><strong>etiam</strong></span> 
     </span>
     <span class='ocr_line' id='line_1_8' title="bbox 107 966 1123 1056; baseline 0.004 -23"><span class='ocrx_word' id='word_1_42' title='bbox 107 969 255 1054; x_wconf 83' lang='lat' dir='ltr'><strong>reliquae</strong></span> <span class='ocrx_word' id='word_1_43' title='bbox 274 973 339 1033; x_wconf 92' lang='lat' dir='ltr'><strong>BZ</strong></span> <span class='ocrx_word' id='word_1_44' title='bbox 350 972 390 1050; x_wconf 86' lang='lat'><strong>-[-</strong></span> <span class='ocrx_word' id='word_1_45' title='bbox 403 973 473 1035; x_wconf 90' lang='grc' dir='ltr'><strong>ΔΓ</strong></span> <span class='ocrx_word' id='word_1_46' title='bbox 486 966 824 1037; x_wconf 80' lang='lat' dir='ltr'><strong>incommensurabilis</strong></span> <span class='ocrx_word' id='word_1_47' title='bbox 839 975 890 1036; x_wconf 90' lang='lat' dir='ltr'><strong>est</strong></span> <span class='ocrx_word' id='word_1_48' title='bbox 905 974 1009 1056; x_wconf 90' lang='lat' dir='ltr'><strong>[prop.</strong></span> <span class='ocrx_word' id='word_1_49' title='bbox 1022 971 1123 1053; x_wconf 91' lang='lat' dir='ltr'><strong>XVI].</strong></span> 
     </span>
     <span class='ocr_line' id='line_1_9' title="bbox 108 1076 1125 1162; baseline 0.001 -22"><span class='ocrx_word' id='word_1_50' title='bbox 108 1097 224 1140; x_wconf 88' lang='lat' dir='ltr'><strong>uerum</strong></span> <span class='ocrx_word' id='word_1_51' title='bbox 243 1078 309 1139; x_wconf 88' lang='grc' dir='ltr'><strong>ΒΖ</strong></span> <span class='ocrx_word' id='word_1_52' title='bbox 320 1077 359 1156; x_wconf 86' lang='lat'><strong>-[-</strong></span> <span class='ocrx_word' id='word_1_53' title='bbox 373 1081 406 1139; x_wconf 90' lang='grc' dir='ltr'><em>Δ</em></span> <span class='ocrx_word' id='word_1_54' title='bbox 410 1079 442 1141; x_wconf 90' lang='grc' dir='ltr'>Γ</span> <span class='ocrx_word' id='word_1_55' title='bbox 456 1080 562 1141; x_wconf 88' lang='lat' dir='ltr'><strong>rectae</strong></span> <span class='ocrx_word' id='word_1_56' title='bbox 581 1083 615 1139; x_wconf 88' lang='grc' dir='ltr'><em>Δ</em></span> <span class='ocrx_word' id='word_1_57' title='bbox 620 1079 652 1141; x_wconf 90' lang='grc' dir='ltr'><em>Γ</em></span> <span class='ocrx_word' id='word_1_58' title='bbox 666 1076 870 1162; x_wconf 83' lang='lat' dir='ltr'><strong>longitudine</strong></span> <span class='ocrx_word' id='word_1_59' title='bbox 890 1099 1125 1143; x_wconf 86' lang='lat' dir='ltr'><strong>commensura·</strong></span> 
     </span>
     <span class='ocr_line' id='line_1_10' title="bbox 110 1180 1125 1268; baseline 0.003 -23"><span class='ocrx_word' id='word_1_60' title='bbox 110 1181 189 1246; x_wconf 93' lang='lat' dir='ltr'><strong>bilis</strong></span> <span class='ocrx_word' id='word_1_61' title='bbox 209 1185 259 1246; x_wconf 88' lang='lat' dir='ltr'><strong>est</strong></span> <span class='ocrx_word' id='word_1_62' title='bbox 279 1184 385 1267; x_wconf 88' lang='lat' dir='ltr'><strong>[prop.</strong></span> <span class='ocrx_word' id='word_1_63' title='bbox 398 1180 469 1263; x_wconf 92' lang='lat' dir='ltr'><strong>VI].</strong></span> <span class='ocrx_word' id='word_1_64' title='bbox 493 1205 593 1267; x_wconf 88' lang='lat' dir='ltr'><strong>quare</strong></span> <span class='ocrx_word' id='word_1_65' title='bbox 617 1184 715 1248; x_wconf 90' lang='lat' dir='ltr'><strong>etiam</strong></span> <span class='ocrx_word' id='word_1_66' title='bbox 729 1186 797 1250; x_wconf 91' lang='grc' dir='ltr'><strong>ΒΓ</strong></span> <span class='ocrx_word' id='word_1_67' title='bbox 810 1188 918 1248; x_wconf 88' lang='lat' dir='ltr'><strong>rectae</strong></span> <span class='ocrx_word' id='word_1_68' title='bbox 936 1189 968 1247; x_wconf 90' lang='grc' dir='ltr'><em>Δ</em></span> <span class='ocrx_word' id='word_1_69' title='bbox 974 1186 1006 1248; x_wconf 90' lang='grc' dir='ltr'><em>Γ</em></span> <span class='ocrx_word' id='word_1_70' title='bbox 1020 1184 1125 1268; x_wconf 85' lang='lat' dir='ltr'><strong>longi·</strong></span> 
     </span>
     <span class='ocr_line' id='line_1_11' title="bbox 109 1286 1125 1374; baseline 0.003 -23"><span class='ocrx_word' id='word_1_71' title='bbox 109 1286 225 1352; x_wconf 86' lang='lat' dir='ltr'><strong>tudine</strong></span> <span class='ocrx_word' id='word_1_72' title='bbox 239 1288 577 1354; x_wconf 83' lang='lat' dir='ltr'><strong>incommensurabilis</strong></span> <span class='ocrx_word' id='word_1_73' title='bbox 592 1294 642 1354; x_wconf 86' lang='lat' dir='ltr'><strong>est</strong></span> <span class='ocrx_word' id='word_1_74' title='bbox 658 1292 762 1374; x_wconf 89' lang='lat' dir='ltr'><strong>[prop.</strong></span> <span class='ocrx_word' id='word_1_75' title='bbox 772 1289 877 1371; x_wconf 89' lang='lat' dir='ltr'><strong>XIII].</strong></span> <span class='ocrx_word' id='word_1_76' title='bbox 900 1290 1010 1373; x_wconf 88' lang='lat' dir='ltr'><strong>itaque</strong></span> <span class='ocrx_word' id='word_1_77' title='bbox 1026 1291 1125 1354; x_wconf 87' lang='lat' dir='ltr'><strong>etiam</strong></span> 
     </span>
     <span class='ocr_line' id='line_1_12' title="bbox 108 1394 1125 1482; baseline 0.004 -24"><span class='ocrx_word' id='word_1_78' title='bbox 108 1394 290 1460; x_wconf 92' lang='lat' dir='ltr'><strong>dirimendo</strong></span> <span class='ocrx_word' id='word_1_79' title='bbox 314 1399 382 1459; x_wconf 86' lang='lat' dir='ltr'><strong>BA</strong></span> <span class='ocrx_word' id='word_1_80' title='bbox 405 1398 438 1460; x_wconf 91' lang='lat' dir='ltr'><strong>et</strong></span> <span class='ocrx_word' id='word_1_81' title='bbox 462 1398 532 1459; x_wconf 89' lang='grc' dir='ltr'><strong>ΔΓ</strong></span> <span class='ocrx_word' id='word_1_82' title='bbox 552 1396 755 1482; x_wconf 82' lang='lat' dir='ltr'><strong>longitudine</strong></span> <span class='ocrx_word' id='word_1_83' title='bbox 782 1397 1125 1465; x_wconf 86' lang='lat' dir='ltr'><strong>incommensurabiles</strong></span> 
     </span>
     <span class='ocr_line' id='line_1_13' title="bbox 109 1501 443 1586; baseline 0 -20"><span class='ocrx_word' id='word_1_84' title='bbox 109 1505 187 1566; x_wconf 85' lang='lat' dir='ltr'><strong>sunt</strong></span> <span class='ocrx_word' id='word_1_85' title='bbox 211 1504 315 1586; x_wconf 91' lang='lat' dir='ltr'><strong>[prop.</strong></span> <span class='ocrx_word' id='word_1_86' title='bbox 338 1501 443 1582; x_wconf 71' lang='lat' dir='ltr'><strong>XVH.</strong></span> 
     </span>
    </p>

    <p class='ocr_par' dir='ltr' id='par_1_4' title="bbox 178 1607 941 1694">
     <span class='ocr_line' id='line_1_14' title="bbox 178 1607 941 1694; baseline 0.004 -22"><span class='ocrx_word' id='word_1_87' title='bbox 178 1607 269 1693; x_wconf 83' lang='lat' dir='ltr'><strong>Ergo</strong></span> <span class='ocrx_word' id='word_1_88' title='bbox 294 1608 322 1672; x_wconf 94' lang='lat' dir='ltr'><strong>si</strong></span> <span class='ocrx_word' id='word_1_89' title='bbox 346 1607 427 1673; x_wconf 89' lang='lat' dir='ltr'><strong>duae</strong></span> <span class='ocrx_word' id='word_1_90' title='bbox 450 1612 569 1693; x_wconf 84' lang='lat' dir='ltr'><strong>rectae,</strong></span> <span class='ocrx_word' id='word_1_91' title='bbox 594 1613 626 1674; x_wconf 82' lang='lat' dir='ltr'><strong>et</strong></span> <span class='ocrx_word' id='word_1_92' title='bbox 651 1631 732 1693; x_wconf 90' lang='lat' dir='ltr'><strong>quae</strong></span> <span class='ocrx_word' id='word_1_93' title='bbox 756 1614 941 1694; x_wconf 89' lang='lat' dir='ltr'><strong>sequuntur.</strong></span> 
     </span>
    </p>
   </div>
   <div class='ocr_carea' id='block_1_3' title="bbox 538 1785 698 1852">
    <p class='ocr_par' dir='ltr' id='par_1_5' title="bbox 538 1785 698 1852">
     <span class='ocr_line' id='line_1_15' title="bbox 538 1785 698 1852; baseline -0.006 -1"><span class='ocrx_word' id='word_1_94' title='bbox 538 1785 698 1852; x_wconf 88' lang='lat' dir='ltr'><strong>Lemma.</strong></span> 
     </span>
    </p>
   </div>
   <div class='ocr_carea' id='block_1_4' title="bbox 109 1908 1125 3396">
    <p class='ocr_par' dir='ltr' id='par_1_6' title="bbox 109 1908 1125 3396">
     <span class='ocr_line' id='line_1_16' title="bbox 179 1908 1125 1995; baseline 0.003 -21"><span class='ocrx_word' id='word_1_95' title='bbox 179 1908 338 1985; x_wconf 84' lang='lat' dir='ltr'><strong>Quoniam</strong></span> <span class='ocrx_word' id='word_1_96' title='bbox 358 1910 615 1976; x_wconf 86' lang='lat' dir='ltr'><strong>demonstratum</strong></span> <span class='ocrx_word' id='word_1_97' title='bbox 631 1913 681 1976; x_wconf 90' lang='lat' dir='ltr'><strong>est</strong></span> <span class='ocrx_word' id='word_1_98' title='bbox 695 1913 798 1995; x_wconf 90' lang='lat' dir='ltr'><strong>[prop.</strong></span> <span class='ocrx_word' id='word_1_99' title='bbox 810 1909 857 1975; x_wconf 89' lang='lat' dir='ltr'><strong>IX</strong></span> <span class='ocrx_word' id='word_1_100' title='bbox 867 1911 1002 1995; x_wconf 79' lang='lat' dir='ltr'><strong>coroll.],</strong></span> <span class='ocrx_word' id='word_1_101' title='bbox 1020 1916 1125 1977; x_wconf 87' lang='lat' dir='ltr'><strong>rectas</strong></span> 
     </span>
     <span class='ocr_line' id='line_1_17' title="bbox 110 2015 1125 2102; baseline 0.002 -22"><span class='ocrx_word' id='word_1_102' title='bbox 110 2015 315 2101; x_wconf 81' lang='lat' dir='ltr'><strong>longitudine</strong></span> <span class='ocrx_word' id='word_1_103' title='bbox 345 2016 653 2082; x_wconf 88' lang='lat' dir='ltr'><strong>commensurabiles</strong></span> <span class='ocrx_word' id='word_1_104' title='bbox 686 2039 813 2102; x_wconf 89' lang='lat' dir='ltr'><strong>semper</strong></span> <span class='ocrx_word' id='word_1_105' title='bbox 847 2018 946 2082; x_wconf 85' lang='lat' dir='ltr'><strong>etiam</strong></span> <span class='ocrx_word' id='word_1_106' title='bbox 977 2019 1125 2100; x_wconf 89' lang='lat' dir='ltr'><strong>potentia</strong></span> 
     </span>
     <span class='ocr_line' id='line_1_18' title="bbox 110 2122 1125 2207; baseline 0.001 -20"><span class='ocrx_word' id='word_1_107' title='bbox 110 2122 419 2187; x_wconf 87' lang='lat' dir='ltr'><strong>commensurabiles</strong></span> <span class='ocrx_word' id='word_1_108' title='bbox 439 2144 518 2205; x_wconf 87' lang='lat' dir='ltr'><strong>esse,</strong></span> <span class='ocrx_word' id='word_1_109' title='bbox 540 2126 647 2187; x_wconf 88' lang='lat' dir='ltr'><strong>rectas</strong></span> <span class='ocrx_word' id='word_1_110' title='bbox 667 2127 775 2187; x_wconf 88' lang='lat' dir='ltr'><strong>autem</strong></span> <span class='ocrx_word' id='word_1_111' title='bbox 795 2123 942 2207; x_wconf 79' lang='lat' dir='ltr'><strong>potentia</strong></span> <span class='ocrx_word' id='word_1_112' title='bbox 964 2145 1125 2188; x_wconf 88' lang='lat' dir='ltr'><strong>commen-</strong></span> 
     </span>
     <span class='ocr_line' id='line_1_19' title="bbox 111 2228 1125 2314; baseline 0.002 -21"><span class='ocrx_word' id='word_1_113' title='bbox 111 2229 271 2293; x_wconf 88' lang='lat' dir='ltr'><strong>surabiles</strong></span> <span class='ocrx_word' id='word_1_114' title='bbox 301 2251 368 2294; x_wconf 93' lang='lat' dir='ltr'><strong>non</strong></span> <span class='ocrx_word' id='word_1_115' title='bbox 398 2250 525 2312; x_wconf 90' lang='lat' dir='ltr'><strong>semper</strong></span> <span class='ocrx_word' id='word_1_116' title='bbox 555 2229 654 2292; x_wconf 89' lang='lat' dir='ltr'><strong>etiam</strong></span> <span class='ocrx_word' id='word_1_117' title='bbox 686 2228 905 2314; x_wconf 81' lang='lat' dir='ltr'><strong>longitudine,</strong></span> <span class='ocrx_word' id='word_1_118' title='bbox 938 2229 994 2293; x_wconf 90' lang='lat' dir='ltr'><strong>sed</strong></span> <span class='ocrx_word' id='word_1_119' title='bbox 1029 2251 1125 2313; x_wconf 90' lang='lat' dir='ltr'><strong>posse</strong></span> 
     </span>
     <span class='ocr_line' id='line_1_20' title="bbox 109 2326 1124 2420; baseline 0.003 -22"><span class='ocrx_word' id='word_1_120' title='bbox 109 2334 314 2420; x_wconf 81' lang='lat' dir='ltr'><strong>longitudine</strong></span> <span class='ocrx_word' id='word_1_121' title='bbox 332 2326 403 2400; x_wconf 86' lang='lat' dir='ltr'><strong>tum</strong></span> <span class='ocrx_word' id='word_1_122' title='bbox 423 2335 730 2400; x_wconf 87' lang='lat' dir='ltr'><strong>commensurabiles</strong></span> <span class='ocrx_word' id='word_1_123' title='bbox 750 2357 820 2400; x_wconf 90' lang='lat' dir='ltr'><strong>esse</strong></span> <span class='ocrx_word' id='word_1_124' title='bbox 838 2339 909 2400; x_wconf 92' lang='lat' dir='ltr'><strong>tum</strong></span> <span class='ocrx_word' id='word_1_125' title='bbox 927 2336 1124 2401; x_wconf 88' lang='lat' dir='ltr'><strong>incommen-</strong></span> 
     </span>
     <span class='ocr_line' id='line_1_21' title="bbox 111 2441 1124 2527; baseline 0.001 -21"><span class='ocrx_word' id='word_1_126' title='bbox 111 2442 280 2525; x_wconf 88' lang='lat' dir='ltr'><strong>surabiles,</strong></span> <span class='ocrx_word' id='word_1_127' title='bbox 304 2441 448 2526; x_wconf 87' lang='lat' dir='ltr'><strong>adparet,</strong></span> <span class='ocrx_word' id='word_1_128' title='bbox 472 2442 499 2506; x_wconf 87' lang='lat' dir='ltr'><strong>si</strong></span> <span class='ocrx_word' id='word_1_129' title='bbox 521 2445 611 2507; x_wconf 87' lang='lat' dir='ltr'><strong>recta</strong></span> <span class='ocrx_word' id='word_1_130' title='bbox 635 2442 743 2527; x_wconf 86' lang='lat' dir='ltr'><strong>aliqua</strong></span> <span class='ocrx_word' id='word_1_131' title='bbox 761 2442 914 2508; x_wconf 80' lang='lat' dir='ltr'><strong>rationali</strong></span> <span class='ocrx_word' id='word_1_132' title='bbox 936 2445 1124 2526; x_wconf 87' lang='lat' dir='ltr'><strong>propositae</strong></span> 
     </span>
     <span class='ocr_line' id='line_1_22' title="bbox 110 2547 1124 2634; baseline 0.004 -24"><span class='ocrx_word' id='word_1_133' title='bbox 110 2547 316 2632; x_wconf 80' lang='lat' dir='ltr'><strong>longitudine</strong></span> <span class='ocrx_word' id='word_1_134' title='bbox 335 2547 637 2612; x_wconf 90' lang='lat' dir='ltr'><strong>commensurabilis</strong></span> <span class='ocrx_word' id='word_1_135' title='bbox 657 2548 708 2630; x_wconf 85' lang='lat' dir='ltr'><strong>sit,</strong></span> <span class='ocrx_word' id='word_1_136' title='bbox 728 2569 799 2612; x_wconf 88' lang='lat' dir='ltr'><strong>eam</strong></span> <span class='ocrx_word' id='word_1_137' title='bbox 817 2549 1009 2613; x_wconf 88' lang='lat' dir='ltr'><strong>rationalem</strong></span> <span class='ocrx_word' id='word_1_138' title='bbox 1031 2550 1124 2634; x_wconf 90' lang='lat' dir='ltr'><strong>eique</strong></span> 
     </span>
     <span class='ocr_line' id='line_1_23' title="bbox 110 2652 1125 2739; baseline 0.002 -21"><span class='ocrx_word' id='word_1_139' title='bbox 110 2652 437 2718; x_wconf 88' lang='lat' dir='ltr'><strong>commensurabilem</strong></span> <span class='ocrx_word' id='word_1_140' title='bbox 464 2653 576 2718; x_wconf 90' lang='lat' dir='ltr'><strong>uocari</strong></span> <span class='ocrx_word' id='word_1_141' title='bbox 604 2675 670 2718; x_wconf 94' lang='lat' dir='ltr'><strong>non</strong></span> <span class='ocrx_word' id='word_1_142' title='bbox 697 2655 793 2719; x_wconf 92' lang='lat' dir='ltr'><strong>modo</strong></span> <span class='ocrx_word' id='word_1_143' title='bbox 820 2654 1037 2739; x_wconf 84' lang='lat' dir='ltr'><strong>longitudine,</strong></span> <span class='ocrx_word' id='word_1_144' title='bbox 1069 2657 1125 2720; x_wconf 89' lang='lat' dir='ltr'><strong>sed</strong></span> 
     </span>
     <span class='ocr_line' id='line_1_24' title="bbox 111 2759 1125 2846; baseline 0.005 -23"><span class='ocrx_word' id='word_1_145' title='bbox 111 2760 211 2824; x_wconf 88' lang='lat' dir='ltr'><strong>etiam</strong></span> <span class='ocrx_word' id='word_1_146' title='bbox 235 2759 394 2843; x_wconf 87' lang='lat' dir='ltr'><strong>potentia,</strong></span> <span class='ocrx_word' id='word_1_147' title='bbox 424 2759 576 2844; x_wconf 83' lang='lat' dir='ltr'><strong>quoniam</strong></span> <span class='ocrx_word' id='word_1_148' title='bbox 604 2763 711 2824; x_wconf 85' lang='lat' dir='ltr'><strong>rectae</strong></span> <span class='ocrx_word' id='word_1_149' title='bbox 741 2760 943 2846; x_wconf 84' lang='lat' dir='ltr'><strong>longitudine</strong></span> <span class='ocrx_word' id='word_1_150' title='bbox 966 2784 1125 2828; x_wconf 87' lang='lat' dir='ltr'><strong>commen·</strong></span> 
     </span>
     <span class='ocr_line' id='line_1_25' title="bbox 111 2865 1125 2952; baseline 0.001 -20"><span class='ocrx_word' id='word_1_151' title='bbox 111 2865 272 2932; x_wconf 86' lang='lat' dir='ltr'><strong>surabiles</strong></span> <span class='ocrx_word' id='word_1_152' title='bbox 288 2886 416 2950; x_wconf 89' lang='lat' dir='ltr'><strong>semper</strong></span> <span class='ocrx_word' id='word_1_153' title='bbox 430 2865 528 2929; x_wconf 90' lang='lat' dir='ltr'><strong>etiam</strong></span> <span class='ocrx_word' id='word_1_154' title='bbox 542 2866 690 2948; x_wconf 89' lang='lat' dir='ltr'><strong>potentia</strong></span> <span class='ocrx_word' id='word_1_155' title='bbox 708 2867 1016 2932; x_wconf 88' lang='lat' dir='ltr'><strong>commensurabiles</strong></span> <span class='ocrx_word' id='word_1_156' title='bbox 1037 2874 1125 2952; x_wconf 79' lang='lat' dir='ltr'><strong>sunt3</strong></span> 
     </span>
     <span class='ocr_line' id='line_1_26' title="bbox 111 2971 1125 3056; baseline 0.003 -20"><span class='ocrx_word' id='word_1_157' title='bbox 111 2974 164 3037; x_wconf 87' lang='lat' dir='ltr'><strong>sin</strong></span> <span class='ocrx_word' id='word_1_158' title='bbox 194 2973 283 3036; x_wconf 90' lang='lat' dir='ltr'><strong>recta</strong></span> <span class='ocrx_word' id='word_1_159' title='bbox 312 2971 466 3036; x_wconf 88' lang='lat' dir='ltr'><strong>rationali</strong></span> <span class='ocrx_word' id='word_1_160' title='bbox 496 2971 683 3056; x_wconf 86' lang='lat' dir='ltr'><strong>propositae</strong></span> <span class='ocrx_word' id='word_1_161' title='bbox 711 2972 859 3056; x_wconf 78' lang='lat' dir='ltr'><strong>potentia</strong></span> <span class='ocrx_word' id='word_1_162' title='bbox 889 2994 1125 3039; x_wconf 90' lang='lat' dir='ltr'><strong>commensura·</strong></span> 
     </span>
     <span class='ocr_line' id='line_1_27' title="bbox 111 3078 1125 3166; baseline 0.002 -22"><span class='ocrx_word' id='word_1_163' title='bbox 111 3079 187 3144; x_wconf 88' lang='lat' dir='ltr'><strong>bilis</strong></span> <span class='ocrx_word' id='word_1_164' title='bbox 218 3079 275 3161; x_wconf 87' lang='lat' dir='ltr'><strong>sit,</strong></span> <span class='ocrx_word' id='word_1_165' title='bbox 310 3078 338 3142; x_wconf 89' lang='lat' dir='ltr'><strong>si</strong></span> <span class='ocrx_word' id='word_1_166' title='bbox 370 3078 470 3144; x_wconf 86' lang='lat' dir='ltr'><strong>etiam</strong></span> <span class='ocrx_word' id='word_1_167' title='bbox 502 3079 705 3163; x_wconf 87' lang='lat' dir='ltr'><strong>longitudine</strong></span> <span class='ocrx_word' id='word_1_168' title='bbox 739 3078 783 3142; x_wconf 90' lang='lat' dir='ltr'><strong>sit</strong></span> <span class='ocrx_word' id='word_1_169' title='bbox 806 3081 1125 3166; x_wconf 83' lang='lat' dir='ltr'><strong>commensurabilis,</strong></span> 
     </span>
     <span class='ocr_line' id='line_1_28' title="bbox 111 3185 1125 3271; baseline 0.001 -20"><span class='ocrx_word' id='word_1_170' title='bbox 111 3208 183 3251; x_wconf 86' lang='lat' dir='ltr'><strong>eam</strong></span> <span class='ocrx_word' id='word_1_171' title='bbox 198 3185 245 3250; x_wconf 90' lang='lat' dir='ltr'><strong>sic</strong></span> <span class='ocrx_word' id='word_1_172' title='bbox 259 3205 384 3269; x_wconf 91' lang='lat' dir='ltr'><strong>quoque</strong></span> <span class='ocrx_word' id='word_1_173' title='bbox 398 3186 592 3250; x_wconf 87' lang='lat' dir='ltr'><strong>rationalem</strong></span> <span class='ocrx_word' id='word_1_174' title='bbox 608 3186 699 3269; x_wconf 90' lang='lat' dir='ltr'><strong>eique</strong></span> <span class='ocrx_word' id='word_1_175' title='bbox 713 3186 916 3271; x_wconf 86' lang='lat' dir='ltr'><strong>longitudine</strong></span> <span class='ocrx_word' id='word_1_176' title='bbox 932 3191 964 3252; x_wconf 87' lang='lat' dir='ltr'><strong>et</strong></span> <span class='ocrx_word' id='word_1_177' title='bbox 978 3187 1125 3271; x_wconf 91' lang='lat' dir='ltr'><strong>potentia</strong></span> 
     </span>
     <span class='ocr_line' id='line_1_29' title="bbox 110 3291 1125 3396; baseline -0.001 -37"><span class='ocrx_word' id='word_1_178' title='bbox 110 3291 435 3359; x_wconf 89' lang='lat' dir='ltr'><strong>commensurabilem</strong></span> <span class='ocrx_word' id='word_1_179' title='bbox 468 3292 592 3375; x_wconf 81' lang='lat' dir='ltr'><strong>uocari3</strong></span> <span class='ocrx_word' id='word_1_180' title='bbox 624 3293 675 3356; x_wconf 90' lang='lat' dir='ltr'><strong>sin</strong></span> <span class='ocrx_word' id='word_1_181' title='bbox 706 3314 818 3357; x_wconf 87' lang='lat' dir='ltr'><strong>rursus</strong></span> <span class='ocrx_word' id='word_1_182' title='bbox 850 3298 940 3359; x_wconf 88' lang='lat' dir='ltr'><strong>recta</strong></span> <span class='ocrx_word' id='word_1_183' title='bbox 972 3295 1125 3396; x_wconf 64' lang='lat' dir='ltr'><strong>pationali</strong></span> 
     </span>
    </p>
   </div>
   <div class='ocr_carea' id='block_1_5' title="bbox 108 3461 1205 3608">
    <p class='ocr_par' dir='ltr' id='par_1_7' title="bbox 108 3461 1205 3608">
     <span class='ocr_line' id='line_1_30' title="bbox 150 3461 1124 3539; baseline 0.001 -19"><span class='ocrx_word' id='word_1_184' title='bbox 150 3472 191 3522; x_wconf 88' lang='lat' dir='ltr'><strong>1o.</strong></span> <span class='ocrx_word' id='word_1_185' title='bbox 215 3461 286 3534; x_wconf 64' lang='grc' dir='ltr'><strong><em>αὕτη</em></strong></span> <span class='ocrx_word' id='word_1_186' title='bbox 305 3465 335 3520; x_wconf 80' lang='lat' dir='ltr'><strong>F.</strong></span> <span class='ocrx_word' id='word_1_187' title='bbox 409 3472 452 3519; x_wconf 80' lang='lat' dir='ltr'><strong>ao.</strong></span> <span class='ocrx_word' id='word_1_188' title='bbox 477 3461 539 3520; x_wconf 71' lang='grc' dir='ltr'><strong>ἐπεὶ</strong></span> <span class='ocrx_word' id='word_1_189' title='bbox 558 3463 605 3538; x_wconf 72' lang='grc' dir='ltr'><strong>αἱ]</strong></span> <span class='ocrx_word' id='word_1_190' title='bbox 630 3463 662 3522; x_wconf 75' lang='grc' dir='ltr'><strong>αἱ</strong></span> <span class='ocrx_word' id='word_1_191' title='bbox 682 3462 736 3537; x_wconf 68' lang='grc' dir='ltr'><strong>γάρ</strong></span> <span class='ocrx_word' id='word_1_192' title='bbox 760 3468 857 3523; x_wconf 79' lang='lat' dir='ltr'><strong>Theon</strong></span> <span class='ocrx_word' id='word_1_193' title='bbox 876 3469 1008 3539; x_wconf 76' lang='lat' dir='ltr'><strong>(Brvb).</strong></span> <span class='ocrx_word' id='word_1_194' title='bbox 1083 3474 1124 3522; x_wconf 80' lang='lat' dir='ltr'><strong>aa.</strong></span> 
     </span>
     <span class='ocr_line' id='line_1_31' title="bbox 108 3533 1205 3608; baseline -0.001 -15"><span class='ocrx_word' id='word_1_195' title='bbox 108 3537 178 3608; x_wconf 80' lang='grc' dir='ltr'><strong><em>καί]</em></strong></span> <span class='ocrx_word' id='word_1_196' title='bbox 198 3537 269 3607; x_wconf 82' lang='lat' dir='ltr'><strong>(alt.)</strong></span> <span class='ocrx_word' id='word_1_197' title='bbox 288 3555 324 3595; x_wconf 87' lang='lat' dir='ltr'><strong>m.</strong></span> <span class='ocrx_word' id='word_1_198' title='bbox 344 3542 359 3590; x_wconf 76' lang='lat'><strong>2</strong></span> <span class='ocrx_word' id='word_1_199' title='bbox 379 3537 410 3590; x_wconf 91' lang='lat' dir='ltr'><strong>B.</strong></span> <span class='ocrx_word' id='word_1_200' title='bbox 483 3533 605 3606; x_wconf 72' lang='lat' dir='ltr'><strong>udrul&#39;.</strong></span> <span class='ocrx_word' id='word_1_201' title='bbox 1201 3568 1205 3574; x_wconf 89' lang='lat'><em>·</em></span> 
     </span>
    </p>
   </div>
   <div class='ocr_carea' id='block_1_6' title="bbox 0 0 1246 3908">
    <p class='ocr_par' dir='ltr' id='par_1_8' title="bbox 0 0 1246 3908">
     <span class='ocr_line' id='line_1_32' title="bbox 0 0 1246 3908; baseline 0 0"><span class='ocrx_word' id='word_1_202' title='bbox 0 0 1246 3908; x_wconf 95' lang='lat' dir='ltr'><strong> </strong></span> 
     </span>
    </p>
   </div>
  </div>
 </body>
</html>
