2474 3908
132 154 196 219 168
516 155 718 208 ΣΤΟΙΧΕΙΩΝ
737 153 765 210 ι’.

130 300 176 389 τῷ
196 295 260 365 άπο
279 300 337 383 τῆς
355 299 426 373 ΝΞ
447 295 545 381 [ὥστε
564 295 706 383 δυνάμει
725 295 789 364 είσὶ
809 294 992 383 σύμμετροι
1012 297 1050 364 αί
1061 303 1153 383 MN,

131 410 169 470 Ν
170 406 223 488 Ξ].
259 404 314 470 καὶ
338 403 407 470 ἐπεὶ
431 398 640 490 ἀσύμμετρός
658 405 749 471 ἐστιν
768 398 789 489 ἡ
809 409 881 470 ΑΕ
897 406 937 491 τῇ
957 409 1026 469 ΕΔ
1044 400 1153 489 μήκει,

131 506 199 577 ἀλλ’
225 506 246 596 ἡ
270 509 331 595 μὲν
354 516 424 576 ΑΕ
445 507 632 595 σύμμετρός
655 511 724 577 ἐστι
747 518 787 596 τῇ
812 514 894 594 ΑΗ,
916 505 937 594 ἡ
962 507 1001 576 δέ
1018 515 1091 576 ΕΔ
1113 518 1152 597 τῇ

131 623 194 682 ΕΖ
218 615 420 703 σύμμετρος,
444 612 654 702 ἀσύμμετρος
674 616 740 702 άρα
763 611 784 701 ἡ
807 621 881 682 ΑΗ
898 618 937 703 τῇ
960 621 1039 682 ΕΖ·
1068 612 1152 684 ὥστε

96 743 113 791 5
130 720 186 788 καὶ
205 720 242 789 τὸ
262 728 327 789 ΑΘ
344 724 389 812 τῷ
408 727 474 788 ΕΛ
493 718 707 808 ἀσύμμετρόν
731 723 833 806 ἐστιν,
855 721 1006 788 τουτέστι
1024 719 1065 788 τδ
1082 726 1156 788 ΣΝ

131 831 177 919 τῷ
201 835 287 913 ΜΡ,
315 829 486 895 τουτέστιν
515 825 535 913 ἡ
561 834 631 894 ON
652 831 690 916 τῇ
714 834 797 913 ΝΡ,
828 827 999 896 τουτέστιν
1027 823 1048 913 ἡ
1074 833 1157 895 ΜΝ

130 936 169 1022 τῇ
184 936 254 1010 ΝΞ
265 930 472 1023 ἀσύμμετρός
495 935 564 1001 ἐστι
586 931 690 1020 μήκει.
724 936 925 1021 ἐδείχθησαν
944 932 981 1001 δὲ
1000 934 1038 999 αί
1050 938 1142 1018 MN,

131 1042 201 1117 ΝΞ
216 1040 272 1108 καὶ
291 1041 388 1126 μέσαι
412 1033 512 1108 οὖσαι
534 1040 589 1107 καὶ
613 1039 756 1126 δυνάμει
780 1041 975 1126 σύμμετροι·
1008 1041 1046 1106 αί
1062 1025 1154 1107 MN'

131 1147 202 1221 ΝΞ
222 1144 289 1234 άρα
311 1149 407 1234 μέσαι
432 1145 497 1213 εἰσὶ
524 1145 664 1232 δυνάμει
692 1144 801 1232 μόνον
829 1147 1017 1233 σύμμετροι.
1066 1146 1153 1232 λέγω

81 1273 115 1323 10
134 1250 193 1338 δή,
223 1250 273 1319 ὅτι
301 1253 355 1320 καὶ
380 1249 483 1339 ῥητὸν
501 1252 721 1338 περιέχουσιν.
759 1250 828 1318 ἐπεὶ
847 1249 911 1338 γὰρ
934 1247 955 1338 ἡ
979 1258 1052 1318 ΔΕ
1072 1249 1155 1320 ὑπό-

132 1383 237 1424 κειται
270 1358 408 1446 ἑκατέρᾳ
434 1361 502 1425 τῶν
530 1363 608 1439 ΑΒ,
637 1365 699 1425 ΕΖ
728 1355 929 1443 σύμμετρος,
962 1355 1154 1446 σύμμετρος

132 1460 197 1547 άρα
220 1463 275 1529 καὶ
300 1460 321 1549 ἡ
342 1470 404 1529 ΕΖ
426 1466 466 1551 τῇ
485 1469 561 1529 ΕΚ.
597 1463 654 1529 καὶ
677 1463 759 1550 ῥητὴ
785 1463 920 1548 ἑκατέρα
943 1460 1071 1531 αὐτῶν·
1096 1466 1153 1552 ῥη-

132 1566 193 1635 τδυ
217 1566 282 1655 άρα
305 1566 343 1635 τδ
367 1574 445 1653 ΕΛ,
468 1569 617 1635 τουτέστι
639 1566 677 1637 τὸ
698 1575 787 1636 ΜΡ·
809 1569 847 1637 τὸ
873 1568 910 1636 δὲ
928 1575 1003 1635 ΜΡ
1023 1571 1095 1637 ἐστι
1114 1568 1151 1638 τδ

132 1671 198 1741 ὑπὸ
225 1678 294 1742 τῶν
324 1676 444 1750 ΜΝΞ.
491 1671 549 1742 έδιν
576 1674 615 1742 δὲ
643 1675 706 1742 δύο
739 1677 836 1761 μέσαι
867 1674 1008 1760 δυνάμει
1042 1676 1153 1762 μόνον

81 1805 113 1853 15
133 1779 316 1868 σύμμετροι
331 1784 521 1849 συντεθῶσι
541 1778 644 1867 ῥητδν
663 1784 885 1870 περιέχουσαι,
908 1778 929 1867 ἡ
951 1778 1013 1867 ὅλη
1028 1779 1156 1870 άλονός

133 1890 234 1972 ἐστιν,
257 1894 404 1955 καλεῖται
428 1887 467 1955 δέ
489 1890 524 1955 έκ
549 1889 611 1955 δύο
636 1889 747 1976 μέσων
770 1886 892 1974 πρώτη.

195 1989 240 2060 Ἡ
259 1992 326 2083 άρα
349 1996 423 2071 ΜΞ
444 1997 479 2062 ἐκ
503 1993 566 2062 δύο
589 1994 701 2080 μέσων
725 1992 944 2083 ἐστὶ-πρώτη·
977 1992 1060 2082 ὅπερ
1084 2000 1156 2064 ἔδει

132 2103 245 2182 δείξαι.

611 2205 671 2277 νςῖ

77 2355 114 2404 20
199 2329 287 2399 Ἐάν
313 2335 460 2417 χωρίον
488 2331 716 2418 περιέχηται
743 2327 818 2398 δπδ
847 2333 965 2418 ῥητῆς
993 2332 1058 2399 καὶ
1086 2338 1155 2421 τῆς

133 2440 173 2506 έιι
204 2436 273 2505 δύο
310 2434 519 2521 ὀνομάτων
551 2441 705 2524 τρίτης,
737 2434 757 2522 ἡ
786 2435 827 2504 τὸ
855 2442 1000 2525 χωρίον
1034 2426 1165 2507 δυναῖ

132 2544 228 2629 μένη
257 2541 401 2628 άλοχός
429 2544 537 2610 ἐστιν
560 2539 581 2630 ἡ
607 2544 832 2629 καλουμένη
858 2545 897 2611 ἐκ
925 2544 998 2612 δύο
1022 2546 1154 2631 μέσων

133 2651 308 2733 δευτέρα.

202 2759 336 2842 Χωρίον
359 2753 423 2843 γάρ
442 2752 481 2822 τὸ
500 2760 639 2822 ΑΒΓΔ
657 2757 861 2842 περιεχέσθω
885 2753 951 2824 ὑπὸ
975 2758 1077 2845 ῥητῆς
1093 2762 1153 2845 τῆς

81 2886 116 2936 εο
136 2868 201 2929 AB
224 2861 280 2928 καὶ
303 2866 362 2948 τῆς
385 2864 420 2930 ἐκ
444 2860 506 2929 δύο
531 2858 707 2947 ὀνομάτων
729 2866 842 2954 τρίτης
863 2865 921 2948 τῆς
943 2870 1014 2930 ΑΛ
1038 2868 1154 2953 διῃρη-

132 2970 233 3056 μένης
256 2973 304 3050 είς
330 2968 369 3038 τά
395 2966 544 3055 ὀνόματα
563 2966 646 3035 κατά
668 2969 705 3036 τὸ
728 2975 773 3055 Ε,
798 2960 986 3057 ὦνχίμεῑζόν
1013 2972 1082 3039 ἐστι
1113 2970 1152 3040 τὸ

210 3154 232 3200 1.
255 3140 324 3200 ὥστε
344 3177 377 3187 -
397 3153 422 3201 2.
442 3145 519 3216 ΝΞ]
540 3162 593 3200 om.
612 3144 642 3200 P.
711 3140 780 3200 ὥστε
800 3148 853 3200 καί
868 3147 898 3214 F,
918 3146 968 3202 sed
986 3162 1057 3202 corr.
1126 3154 1151 3203 3.

135 3212 206 3270 ἄλλοί
225 3216 258 3269 V.
333 3223 357 3272 4.
377 3214 555 3304 σίμμετροςχ
575 3232 628 3271 om.
648 3215 732 3269 FVb.
811 3210 1004 3289 ἀσύμμετρος]
1028 3235 1099 3274 corr.
1119 3234 1154 3273 ex

135 3285 292 3356 σύμμετρος
310 3304 346 3342 m.
367 3294 382 3341 2
401 3289 432 3342 F.
494 3292 518 3341 5.
537 3284 714 3354 ασίμμετρος
731 3286 763 3356 F,
782 3302 851 3341 corr.
870 3306 907 3344 m.
926 3294 951 3345 2.
1012 3284 1072 3345 ἐστι
1089 3290 1153 3359 BV,

135 3373 224 3424 comp.
244 3356 300 3411 Pb.
363 3357 441 3428 ΣΝ]
461 3372 530 3411 corr.
551 3373 584 3410 ex
602 3359 664 3410 EN
681 3357 711 3410 Β.
777 3364 801 3412 6.
821 3359 894 3430 ΝΡ]
913 3359 945 3413 in
962 3376 1017 3415 ras.
1036 3360 1070 3417 V.
1128 3368 1152 3416 7.

136 3423 213 3482 ἔστιν
236 3426 267 3481 Ρ.
346 3433 370 3483 8.
390 3425 512 3497 δυνάμει
531 3424 619 3497 μόνον
638 3424 671 3479 V.
745 3425 778 3481 αί
800 3459 832 3469 -
858 3435 883 3485 9.
902 3425 1072 3503 σύμμετροι]
1094 3450 1153 3503 mg.

132 3496 258 3552 ΜΝ.
334 3505 357 3553 9.
379 3497 450 3555 είσίν
470 3499 501 3553 Β.
567 3504 607 3553 10.
628 3498 697 3568 ΔΕ]
717 3498 747 3553 in
765 3515 819 3554 ras.
838 3500 872 3555 V.
937 3506 978 3555 11.
999 3503 1061 3574 AB]
1082 3520 1153 3558 corr.
