2474 3908
128 175 192 240 124
420 212 424 217 .
513 176 714 229 Συοιαοιοα
734 171 761 229 ι’.

184 316 292 385 Ἕστοι
317 320 353 386 έκ
376 316 439 386 δύο
464 318 575 404 μέσων
598 318 710 403 προέτη
729 314 750 404 ή
771 323 836 385 ΑΒ
856 317 1041 404 διῃρημένη
1061 316 1146 385 κατά

126 421 164 492 τὸ
187 429 230 509 Γ,
253 420 338 491 ύστε
360 423 419 503 τάς
442 429 521 509 ΑΓ,
545 429 607 492 ΓΒ
630 424 731 511 μέσας
759 420 845 491 εἶναι
870 421 1013 510 δυνάμει
1037 423 1147 510 μόνον

127 532 334 616 συμμέτρους
362 528 465 617 ῥητὸν
488 528 717 618 περιεχούσας·
746 531 843 616 λέγω,
867 529 918 598 ὅτι
941 526 962 615 ή
986 536 1053 597 ΑΒ
1076 527 1145 597 κατ’

127 633 209 702 άῖλο
234 649 373 723 σημεῖον
397 634 439 704 ού
462 641 648 726 διαιρεῖται.

92 771 108 820 5
195 746 240 810 Εῖ
260 740 325 831 γάρ
349 742 513 828 δυνατόν,
538 741 714 830 διῃρήσθω
737 740 899 810 καὶκατὰ
922 739 961 810 τὸ
987 749 1036 827 Δ,
1061 741 1147 812 ὥστε

127 849 183 915 καὶ
206 848 265 929 τάς
286 856 319 915 Α
326 856 370 934 Δ,
395 855 462 916 ΛΒ
484 849 586 935 μέσας
614 844 700 916 εἶναι
724 846 866 935 δυνάμει
890 845 997 935 μόνον
1021 852 1147 937 συμμέ-

127 981 227 1042 τρους
250 954 354 1044 ῥητὸν
376 953 602 1042 περιεχούσας.
635 954 705 1023 ἐπεὶ
724 947 796 1042 σύν,
815 946 841 1047 ᾧ
862 956 1016 1045 διαφέρει
1034 953 1074 1024 τδ
1095 956 1148 1037 δὶς

127 1059 193 1130 ὑπὸ
216 1066 285 1132 τῶν
307 1070 389 1147 ΑΛ,
414 1068 480 1129 ΛΒ
502 1065 564 1130 τοῦ
589 1061 641 1142 δὶς
664 1059 729 1130 ὑπὸ
752 1067 821 1130 τῶν
840 1068 917 1148 ΑΓ,
941 1068 1014 1147 ΓΒ,
1036 1062 1147 1155 τούτῳ

129 1169 282 1255 διαφέρει
304 1168 345 1236 τδι
368 1167 434 1237 άπὸ
454 1171 521 1236 τῶν
539 1174 615 1250 ΑΓ,
635 1173 696 1236 ΓΒ
714 1171 783 1236 τῶν
807 1164 872 1237 άπὸ
895 1171 964 1236 τῶν
978 1175 1056 1254 ΑΛ,
1071 1175 1149 1255 ΑΒ,

77 1301 110 1350 10
130 1276 218 1367 ῥητῷ
248 1274 285 1343 δέ
314 1276 466 1361 διαφέρει
491 1273 529 1341 τὸ
555 1274 607 1352 δὶς
629 1271 695 1341 ὑπὸ
718 1277 786 1341 τῶν
809 1282 895 1360 ΑΔ,
918 1280 986 1341 ΛΒ
1008 1278 1071 1343 τού
1096 1276 1151 1356 δὶς

129 1377 194 1447 ὑπὸ
222 1383 290 1447 τοῖν
313 1385 388 1465 ΑΓ,
416 1385 490 1447 FB·
528 1378 612 1466 ῥητά
640 1377 704 1465 χιδιρ
740 1376 926 1467 άμφότερα·
964 1381 1053 1475 ῥητῷ
1081 1378 1151 1470 άρα

130 1486 283 1571 διαφέρει
306 1483 363 1551 καὶ
384 1483 425 1552 τὰ
449 1481 514 1551 άπὸ
538 1488 607 1551 τοῖν
625 1490 701 1570 ΑΓ,
720 1490 782 1551 ΓΒ
800 1489 869 1553 τῶν
888 1483 954 1554 άπὸ
977 1490 1048 1556 τοῖν
1065 1496 1151 1575 ΑΛ,

130 1598 198 1659 ΛΒ
221 1592 305 1678 μέσα
329 1588 422 1659 ὄντα·
447 1587 527 1680 ὅπερ
551 1591 686 1659 άτοπον.

200 1695 271 1766 Ούκ
299 1695 364 1787 άρα
391 1694 412 1784 ή
441 1700 476 1766 έκ
504 1697 567 1765 δύο
596 1699 708 1785 μέσον
736 1698 848 1789 πρύτη
876 1696 944 1767 κατ’
975 1697 1057 1768 ἄλλο
1091 1701 1152 1768 καὶ

79 1831 112 1881 15
131 1801 213 1871 άῖλο
238 1816 376 1890 σημεῖον
399 1807 575 1891 διαιρεῖται
600 1807 647 1883 εἰς
669 1805 709 1872 τὰ
735 1802 895 1892 ὀνόματα·
918 1803 994 1873 καθ’
1020 1809 1058 1874 έν
1082 1804 1152 1895 άρα

130 1909 253 1998 μόνον·
278 1907 358 1999 ὅπερ
383 1914 450 1978 ἔδει
474 1913 588 1993 δεῖξαι.

607 2087 671 2177 μδ’.

195 2211 236 2281 Ἡ
259 2217 298 2282 έιι
322 2212 393 2282 δύο
416 2215 547 2301 μέσαν
571 2216 738 2301 δευτέρα
759 2212 843 2282 καθ’
870 2218 912 2283 έν
938 2214 1063 2303 μόνον
1087 2235 1153 2304 ση-

133 2335 246 2408 μεῖον
270 2324 494 2406 διαιρεῖται.

79 2453 114 2502 20
191 2425 300 2494 Ἔστω
320 2429 355 2494 ἐκ
374 2424 437 2492 δύο
458 2427 568 2512 μέσον
588 2426 726 2516 δευτέρα
745 2425 847 2514 ήΑΒ
862 2431 1048 2517 διηρημένη
1066 2431 1152 2511 ,κατὰ

133 2532 171 2600 τὸ
195 2538 233 2618 Γ,
257 2530 341 2600 ὥστε
363 2530 422 2611 τὰς
445 2538 520 2618 ΑΓ,
544 2538 605 2600 ΓΒ
631 2533 732 2619 μέσας
756 2531 843 2603 εἶναι
871 2533 1013 2622 δυνάμει
1042 2537 1153 2623 μόνον

135 2638 343 2725 συμμέτρους
366 2639 468 2724 μέσον
491 2637 720 2727 περιεχούσας·
744 2639 895 2728 φανερὸν
919 2640 971 2726 δή,
995 2638 1104 2709 ὅτιτὸ
1124 2648 1156 2709 Γ

135 2742 197 2812 ούιι
221 2749 289 2812 ἔστι
312 2748 394 2811 κατὰ
418 2748 476 2829 τής
494 2748 694 2833 διχοτομίας,
717 2742 769 2815 ὅτι
789 2743 850 2815 ούκ
869 2748 934 2815 εέσδ
953 2746 1050 2833 μήκει
1070 2747 1153 2836 σύμ-

135 2876 258 2938 μετροι.
285 2851 386 2937 λέγω,
414 2846 466 2918 ὅτι
490 2847 511 2937 ή
534 2857 600 2918 AB
622 2849 690 2919 κατ’
716 2850 798 2921 ἄλλο
828 2867 967 2941 σημεῖον
995 2851 1037 2922 ού
1067 2858 1154 2922 διαι-

81 2983 115 3033 25
135 2970 250 3044 ρεῖται.

202 3067 247 3131 El
268 3061 332 3149 γάρ
357 3065 519 3148 δυνατόν,
548 3065 724 3153 διῃρήσθω
752 3066 809 3132 καὶ
835 3066 979 3136 κατὰτὸ
1004 3079 1048 3155 Δ,
1068 3067 1154 3139 ὥστε

211 3246 234 3294 1.
254 3236 271 3308 ή
291 3240 353 3311 ΑΒ]
373 3255 457 3308 supra
476 3256 528 3295 scr.
543 3241 573 3308 F,
593 3256 662 3296 corr.
682 3257 716 3296 ex
734 3239 752 3312 ή
770 3248 824 3299 ΑΔ
841 3263 878 3300 m.
892 3263 948 3303 ree.
962 3246 993 3303 P.
1060 3253 1086 3302 4.
1105 3243 1154 3318 σύ]

138 3329 191 3366 om.
210 3309 238 3365 b.
294 3315 319 3364 5.
339 3309 404 3381 καί]
425 3326 478 3367 om.
497 3309 549 3366 Fb.
605 3317 628 3367 9.
647 3313 704 3367 τῶν
723 3309 780 3369 άπύ
812 3315 842 3372 in
859 3333 912 3374 ras.
931 3335 968 3372 m.
989 3323 1003 3371 1
1023 3318 1053 3374 P.
1111 3324 1153 3374 10.

138 3382 210 3454 ΔΒ]
234 3397 393 3451 suprascr.
417 3386 489 3436 m.1
513 3382 544 3436 F.
619 3389 660 3440 13.
684 3384 753 3440 Post
776 3408 845 3444 οντα
868 3389 931 3443 αδδ.
955 3386 1041 3459 μέσον
1087 3386 1154 3444 έσου

138 3449 272 3522 ύπερέχει
284 3447 361 3595 χυμῷ
376 3471 406 3521 φ.
424 3522 430 3535 ι
469 3458 510 3509 16.
531 3449 602 3525 ὅπερ
617 3453 677 3510 έδει
691 3456 794 3532 δεῖξαι]
815 3475 903 3530 comp.
918 3459 950 3529 P,
969 3477 1024 3516 om.
1039 3409 1154 3516 Efvb.

176 3529 218 3580 1⁷.
242 3524 280 3594 μδ
330 3526 399 3579 mut.
422 3541 451 3578 m
475 3520 521 3595 με’
545 3525 576 3580 F.
660 3532 701 3582 19.
726 3530 877 3602 διαιρεῖται
901 3528 942 3594 εἰς
964 3527 1000 3585 τά
1023 3526 1155 3602 ὀνόματα
