2474 3908
135 179 199 242 156
519 179 721 232 zTolme
740 173 766 233 ι’.

134 327 207 387 ΖΗ
223 324 284 389 τοῦ
313 317 378 389 ἆκὸ
402 325 459 406 τῆς
481 327 560 388 ΗΘ.
600 324 683 388 ἔστω
712 313 776 388 οὗν
805 322 851 410 τῷ
879 317 944 388 ἀπὸ
972 324 1057 407 [τῆς]
1084 327 1153 388 ΖΗ

134 435 191 494 ίσα
213 425 253 494 τὰ
277 424 342 494 ἀπὸ
366 430 434 494 τῶν
452 432 530 512 ΗΘ,
549 434 595 493 Κ·
620 423 865 514 ἀναστρέψαντι
889 426 954 516 ἄρα
978 424 1022 508 ὡς
1046 424 1152 495 ὁΑΒ

134 530 217 616 πρὸς
239 539 316 617 ΒΓ,
343 530 450 612 οὕτως
472 531 508 600 τὸ
534 529 598 600 ιἰιιό
624 540 695 599 ΖΗ
713 531 796 619 πρὸς
818 531 856 600 τὸ
881 530 946 601 ἀπὸ
969 536 1029 620 τῆς
1052 539 1105 624 K.⁴
1133 528 1152 599 ὁ

135 639 172 706 δὲ
197 646 261 706 ΑΒ
284 638 368 724 πρὸς
390 638 451 707 τὸν
475 645 540 706 ΒΓ
559 637 662 724 λόγον
686 636 749 706 οὐκ
773 644 854 726 ἔχει,
879 635 920 706 ὃν
942 636 1155 725 τετράγωνος

99 744 281 833 ὁάριθμὸς
310 743 394 832 πρὸς
425 743 636 834 τετράγωνον
669 743 834 833 ἀριθμόν·
881 744 964 814 ὥστε
998 743 1081 813 οὐδὲ
1113 741 1152 812 τὸ

134 851 201 921 ολτιὸ
225 859 297 919 ΖΗ
314 852 397 941 ιιρὸς
418 852 457 920 τὸ
479 849 544 920 ἆιιὸ
568 861 627 938 τῆς
645 857 682 918 Κ
696 850 800 938 λόγον
825 856 901 939 ἔχει,
925 849 966 920 ὃν
988 849 1154 938 τετράγω-

42 1006 46 1012 -
135 985 194 1040 νος
216 958 361 1047 ἀριθμὸς
390 955 474 1046 πρὸς
500 956 712 1046 τετράγωνον
739 954 899 1046 ἆραθμόν.
941 956 1156 1045 ἀσύμμετρος

136 1064 201 1154 ἄρα
229 1066 319 1135 ἐστὶν
347 1061 367 1152 ἡ
397 1071 467 1131 ΖΗ
490 1067 530 1152 τῇ
558 1071 592 1130 Κ
618 1062 728 1150 μήκει·
766 1061 787 1150 ἡ
817 1071 890 1131 ΖΗ
908 1063 973 1150 ἄρα
1002 1067 1061 1151 τῆς
1084 1070 1155 1131 ΗΘ

135 1179 248 1259 μεῖζον
272 1171 413 1240 δύναται
435 1175 481 1260 τῷ
505 1168 569 1239 ἀπὸ
599 1170 812 1258 ἀσυμμέτρου
836 1171 946 1260 ἑαυτῇ.
986 1175 1046 1238 καί
1067 1173 1157 1238 εἰσιν

84 1301 116 1350 10
136 1283 174 1346 αί
190 1286 268 1364 ΖΗ,
293 1285 361 1344 ΗΘ
382 1278 479 1364 ῥηταί
502 1275 645 1363 δυνάμει
668 1277 776 1363 μόνον
799 1277 992 1365 σύμμετροι,
1015 1278 1072 1344 καὶ
1097 1272 1158 1344 οὐ·

137 1387 253 1467 θετέρα
292 1383 406 1450 αὐτῶν
443 1381 630 1470 σύμμετρός
667 1384 736 1450 ἐστι
772 1382 869 1470 μήκει
906 1387 945 1473 τῇ
981 1385 1157 1471 ἐκκειμένῃ

136 1493 218 1578 λοολ
241 1493 281 1577 ολ
305 1494 343 1554 Ε·
433 1512 440 1521 ·

198 1593 243 1662 Ἡ
267 1601 328 1660 ΖΘ
356 1590 422 1680 ἄρα
451 1593 486 1659 ἐκ
515 1591 577 1661 δύο
607 1591 783 1679 ὀνομάτων
812 1594 902 1662 ἐστὶν
933 1597 1021 1682 ἕκτη·
1072 1593 1157 1684 ὅπερ

138 1705 206 1770 ἔδει
231 1701 344 1781 δείξαι.

85 1849 117 1898 ιο
565 1809 715 1892 Λῆμμα·

195 1928 303 1998 ’Έστω
329 1931 391 1999 δύο
415 1932 606 2018 τετράγωνα
629 1929 669 1997 τὰ
688 1938 774 2018 ΑΒ,
799 1937 865 1999 ΒΓ
882 1931 938 1999 καὶ
960 1937 1160 2002 κείσθωσαν

137 2035 220 2107 ὥστε
243 2035 290 2105 ἐπ’
316 2034 452 2116 εὐθείας
479 2032 566 2104 εἶναι
592 2038 653 2123 τὴν
676 2043 743 2104 ΔΒ
766 2041 806 2126 τῇ
830 2044 905 2105 ΒΕ·
943 2035 990 2106 ἐπ’
1017 2036 1159 2120 εὐθείας

135 2143 201 2230 ἄρα
225 2144 294 2212 ἐστὶ
317 2143 372 2211 καὶ
395 2145 420 2231 η
444 2150 506 2210 ΖΒ
528 2145 569 2231 τῇ
594 2149 670 2211 ΒΗ.
706 2142 762 2210 καὶ
790 2143 1091 2232 συμπεπληρώσθω
1114 2144 1155 2214 τὸ

136 2258 206 2319 ΑΓ
227 2249 591 2337 παραλληλόγραμμον·
633 2250 734 2335 λέγω,
765 2247 816 2317 ὅτι
843 2249 1055 2337 τετράγωνόν
1085 2253 1157 2319 ἐστι

83 2381 117 2430 20
135 2356 173 2427 τὸ
193 2365 268 2443 ΑΓ,
287 2356 342 2426 καὶ
366 2357 417 2424 ὅτι
440 2359 510 2423 τοῖν
524 2362 601 2440 ΑΒ,
621 2361 687 2422 ΒΓ
704 2356 808 2441 μέσον
832 2354 1003 2443 ἀνάλογόν
1027 2357 1096 2424 έστι
1114 2357 1156 2425 τὸ

135 2471 219 2549 ΔΗ,
238 2462 293 2531 καὶ
308 2467 356 2530 ἔτι
370 2471 438 2530 τῶν
453 2467 528 2547 ΑΓ,
547 2468 608 2529 ΓΒ
625 2462 727 2547 μέσον
747 2460 920 2548 ἀνάλογόν
939 2464 1007 2530 ἐστι
1026 2461 1064 2532 τὸ
1079 2471 1112 2530 Δ
1118 2469 1153 2531 Γ

153 2652 156 2658 .
199 2565 287 2636 Ἐπεὶ
311 2567 376 2655 μὰρ
400 2576 454 2654 ἴση
483 2566 573 2634 ἐστὶν
597 2564 617 2654 ἡ
641 2566 702 2652 μὲν
725 2573 791 2633 ΛΒ
814 2576 854 2655 τῇ
878 2574 956 2654 ΒΖ,
979 2566 1000 2656 ἡ
1025 2569 1063 2637 δὲ
1086 2577 1156 2638 ΒΕ

135 2679 174 2764 τῇ
198 2680 284 2760 ΒΗ,
308 2671 369 2761 ὅλη
393 2671 459 2762 ἄρα
481 2670 502 2759 ἡ
527 2681 597 2740 ΔΕ
618 2671 679 2760 ὅλη
702 2676 741 2761 τῇ
767 2680 835 2740 ΖΗ
857 2675 947 2741 ἐστιν
971 2683 1035 2762 ίση.
1082 2674 1152 2744 ἀλλ’

135 2781 238 2871 ἡμὲν
257 2790 328 2850 ΔΕ
344 2782 481 2870 ἑκατέρᾳ
503 2783 572 2847 των
591 2786 667 2864 ΑΘ,
690 2785 763 2846 ΚΓ
781 2781 872 2846 ἐστιν
896 2788 962 2866 ίση,
986 2779 1007 2868 ἡ
1033 2781 1070 2850 δέ
1091 2790 1166 2851 ΖΗ

82 2917 116 2966 25
135 2891 273 2982 ἑκατέρᾳ
300 2894 368 2959 τῶν
391 2895 478 2974 ΑΚ,
505 2892 571 2954 ΘΓ
594 2889 685 2954 ἐστιν
719 2895 787 2972 ἴση·
829 2887 885 2953 καί
919 2887 1057 2976 ἑκατέρα
1091 2888 1160 2976 ἄρα

134 3006 203 3068 των
227 3005 305 3085 ΑΘ,
328 3001 400 3064 ΚΓ
419 2995 556 3084 ἑκατέρᾳ
578 2995 646 3060 τῶν
669 2998 754 3076 ΑΚ,
779 2998 846 3059 ΘΓ
865 2994 955 3062 ἐστιν
982 3002 1046 3081 ίση.
1088 2995 1158 3063 ίσό-

135 3112 281 3193 πλεορον
305 3102 372 3193 α’ρα
397 3103 465 3170 ἐστὶ
488 3098 526 3167 τὸ
551 3103 621 3166 ΑΓ
638 3097 1002 3188 παραλληλόγραμμον·
1032 3102 1160 3170 ἔστιδὲ

135 3211 190 3277 καὶ
210 3208 439 3297 ὀρθογώνιον·
466 3204 677 3293 τετράγωνον
701 3205 767 3291 ἄρα
791 3205 861 3273 ἐστὶ
885 3206 922 3274 τὸ
948 3214 1022 3276 ΑΓ.

208 3394 232 3442 1.
253 3387 325 3456 ZH]
346 3386 397 3439 ΖΘ
416 3385 442 3440 b.
516 3382 576 3453 τῆς]
598 3396 651 3435 om.
670 3381 700 3438 P.
777 3382 840 3456 τῆς]
862 3400 916 3439 om.
936 3384 993 3441 Pb.
1062 3392 1087 3442 3.
1107 3382 1160 3441 τόν

135 3462 190 3512 ΒΓ
207 3459 240 3513 V.
312 3455 514 3525 τηςΖΗΒν.
578 3461 603 3508 4.
623 3448 692 3521 πρὸς
710 3449 851 3527 τόνΒΓ]
871 3472 927 3525 mg.
948 3455 1070 3513 m.1P.
1127 3463 1152 3512 6.

134 3534 185 3599 τῆς
209 3533 267 3583 ΖΗ
293 3529 354 3584 FV.
447 3533 470 3582 λ.
499 3520 727 3597 ἀσύμμετραιΡ,
760 3541 829 3581 corr.
855 3545 892 3581 m.
918 3534 941 3584 1.
1034 3533 1059 3583 9.
1089 3547 1157 3599 σομ-
