2474 3908
134 149 200 215 330
520 150 720 204 mommsen
739 146 767 207 ι’.

134 295 209 379 ΖΞ,
234 299 305 360 NA
329 301 404 360 ἴσον
428 292 496 359 ἐστὶ
519 294 564 383 τῷ
587 289 653 360 ὑπὸ
676 294 744 360 τῶν
768 298 852 378 ΑΗ,
874 298 953 361 ΗΒ.
999 292 1058 360 καὶ
1084 293 1156 362 ἐπεὶ

134 403 172 467 αἱ
193 405 275 485 ΑΗ,
299 405 367 466 ΗΒ
396 397 538 484 δυνάμει
566 397 652 465 εἰσὶν
681 395 901 487 ἀσύμμετροι,
933 395 1155 488 ἀσύμμετρον

134 503 199 591 ἅμα
223 506 292 573 ἐστὶ
315 505 352 573 τὸ
372 501 437 572 άττὸ
460 507 519 590 τῆς
542 510 618 571 ΑΗ
636 507 682 595 τῷ
705 500 770 572 άπὸ
794 508 853 590 τῆς
873 510 952 573 ΗΒ.
994 502 1085 574 dm&
1110 513 1155 602 τῷ

134 611 195 697 μὲν
227 609 293 680 ἀπὸ
327 613 384 698 τῆς
416 617 493 678 AH
525 617 601 678 ἴσον
634 611 702 679 ἐστὶ
734 609 772 678 τὸ
804 616 884 696 ΓΘ,
923 621 970 703 τῷ
1010 610 1049 679 δὲ
1088 610 1154 683 άπὸ

99 721 193 803 μιῆς
207 723 274 785 ΗΒ
304 725 380 785 ἴσον
408 716 476 784 ἐστὶ
504 715 542 784 τὸ
566 723 648 784 KA·
684 712 896 806 άσάμμετρον
923 715 990 806 άρα
1019 721 1092 788 ἐστὶ
1116 718 1154 789 τὸ

133 828 196 890 ΓΘ
212 826 257 914 τῷ
277 829 355 893 KA.
393 820 437 902 ὡς
460 822 498 891 δὲ
519 822 557 891 τὸ
576 829 638 890 ΓΘ
660 821 744 908 πρὸς
766 822 804 891 τὸ
828 829 908 909 KA,
932 821 1040 904 οὕτως
1059 827 1153 894 ἐστὶν

133 926 153 1015 ἡ
178 935 246 997 ΓΚ
269 930 355 1015 πρὸς
381 933 443 1016 τὴν
467 934 555 996 ΚΜ·
592 927 801 1016 ἀσύμμετρος
828 927 895 1015 άροι
922 928 1015 999 ἐστὶν
1038 929 1060 1018 ἡ
1086 938 1155 1001 ΓΚ

131 1039 171 1124 τῇ
191 1043 276 1104 ΚΜ.
313 1036 368 1104 καὶ
388 1035 457 1103 ἐπεὶ
479 1039 548 1104 τῶν
572 1031 636 1104 άπὸ
660 1039 727 1103 τῶν
745 1042 828 1122 ΑΗ,
849 1043 917 1104 ΗΒ
941 1038 1047 1123 μέσον
1068 1037 1152 1106 άυά-

132 1143 236 1229 λογόν
255 1145 323 1211 ἐστι
342 1141 380 1211 τὸ
397 1139 464 1211 ὑπὸ
483 1145 550 1209 τῶν
569 1152 601 1210 A
608 1149 653 1228 H,
668 1149 708 1210 H
709 1149 747 1228 Β,
770 1148 830 1210 καί
846 1144 915 1210 ἐστι
932 1147 979 1235 τῷ
998 1143 1062 1230 μὲν
1085 1142 1151 1214 άπὸ

81 1274 114 1324 10
131 1253 190 1334 τῆς
208 1255 285 1316 ΑΗ
305 1258 380 1318 ἴσον
398 1247 436 1317 τὸ
456 1254 527 1334 ΓΘ,
550 1253 596 1340 τῷ
621 1248 657 1317 δὲ
677 1244 741 1317 άπὸ
758 1252 818 1336 τῆς
831 1256 900 1317 ΗΒ
920 1257 995 1318 ἴσον
1014 1248 1053 1319 τὸ
1070 1257 1151 1338 KA,

131 1360 177 1445 τῷ
203 1355 240 1424 δὲ
262 1354 327 1425 ὑπὸ
352 1366 419 1423 τῶν
443 1361 529 1440 ΑΗ,
549 1362 617 1423 ΗΒ
641 1362 717 1423 ἴσον
740 1354 777 1422 τὸ
802 1362 887 1443 ΝΛ,
910 1355 966 1424 καὶ
987 1361 1059 1426 τῶν
1084 1357 1150 1448 ἄρα

132 1466 203 1546 ΓΘ,
227 1468 296 1529 KA
319 1461 422 1548 μέσον
445 1458 616 1548 άνάλογόυ
641 1463 709 1529 ἐστι
732 1460 770 1530 τὸ
795 1469 877 1530 ΝΛ·
902 1466 992 1530 ἔστιν.
1017 1461 1087 1552 ἄρα
1105 1462 1150 1545 οἷς

130 1565 168 1634 τὸ
188 1572 250 1634 ΓΘ
271 1566 355 1652 πρὸς
377 1571 415 1636 τὸ
435 1573 516 1654 ΝΛ,
540 1565 645 1647 οὕτως
668 1566 705 1636 τὸ
724 1574 797 1635 NA
820 1568 904 1655 πρὸς
921 1567 959 1637 τὸ
979 1576 1059 1638 ΚΛ.
1093 1573 1149 1640 καὶ

132 1670 187 1739 διὰ
211 1670 251 1739 τά
273 1670 358 1740 αὐτὰ
383 1672 403 1759 ἡ
427 1678 504 1740 ΓΜ
526 1677 586 1760 τῆς
608 1680 680 1741 ΜΖ
708 1680 819 1761 μεῖζον
844 1673 986 1744 δύναται
1009 1680 1056 1768 τῷ
1082 1676 1148 1747 άτιὸ

79 1803 112 1853 15
132 1775 344 1868 ἀσυμμέτρου
375 1779 485 1869 ἑαυτῇ.
534 1779 589 1847 καὶ
623 1777 782 1866 οὐδετέρα
816 1780 928 1849 αὐτῶν
959 1782 1148 1873 σύμμετρός

131 1887 198 1954 ἐστι
226 1897 266 1975 τῇ
295 1887 464 1975 ἐκκειμένῃ
494 1888 576 1976 ῥητῇ
600 1890 640 1975 τῇ
665 1892 743 1953 ΓΔ·
780 1884 881 1974 ἡΓΖ
904 1885 970 1974 άρα
993 1886 1148 1977 άποτομή

131 1995 221 2061 ἐστιν
245 1995 333 2079 ἕκτη·
361 1993 443 2080 ὅπερ
467 1996 534 2060 ἔδει
559 1994 673 2073 δεῖξαι.

604 2231 647 2293 07
662 2258 668 2274 ·

191 2325 237 2395 ‘H
263 2332 308 2417 τῇ
346 2324 524 2417 ἀποτομῇ
557 2327 670 2416 μήκει
709 2329 930 2418 σύμμετρος
966 2326 1149 2420 άτιοτομή

77 2458 112 2508 20
130 2436 213 2501 ἐστι
239 2436 302 2503 καὶ
331 2438 375 2522 τῇ
403 2434 510 2516 τάξει
537 2432 558 2521 ἡ
586 2433 693 2520 αὐτή.

187 2537 295 2608 Ἔστω
319 2538 470 2627 άτιοτομὴ
490 2539 510 2626 ἡ
530 2547 606 2626 ΑΒ,
628 2541 684 2609 καὶ
702 2544 741 2630 τῇ
760 2549 826 2609 ΑΒ
845 2540 940 2627 μήκει
959 2540 1151 2632 σύμμετρος

130 2648 212 2711 ἔστω
240 2643 261 2731 ἡ
285 2651 363 2712 ΓΔ·
400 2648 502 2732 λέγω,
531 2643 581 2714 ὅτι
608 2647 663 2714 καὶ
685 2644 706 2734 ἡ
730 2653 798 2715 ΓΔ
821 2645 972 2735 ἀποτομή
995 2650 1066 2717 ἐστι
1091 2651 1148 2717 καὶ

129 2777 168 2839 τῃ
192 2749 280 2832 τάξει
303 2749 324 2839 ἡ
348 2750 432 2839 αὐτὴ
455 2755 495 2840 τῇ
514 2759 589 2820 ΑΒ.

193 2854 282 2926 ’Θιτεὶ
304 2860 368 2946 γάρ
392 2855 544 2946 άιιοτομή
568 2861 658 2927 ἐστιν
681 2856 703 2944 ἡ
725 2865 758 2924 Α
764 2866 803 2944 Β,
828 2863 910 2927 ἔστω
934 2856 1019 2947 αὐτῇ
1043 2881 1149 2949 προσ-

200 3077 225 3126 2.
245 3069 299 3126 εἰσὶ
319 3066 470 3142 σύμμετροι
488 3071 514 3125 b.
588 3077 613 3126 4.
636 3068 669 3125 τὸ
688 3065 745 3124 Aa&
765 3071 816 3140 τῆς
836 3071 891 3125 ΓΘ
913 3070 943 3124 Ρ.
1018 3077 1044 3127 5.
1068 3067 1146 3144 ἐστί]

130 3157 183 3195 om.
202 3141 236 3194 V.
310 3148 334 3196 6.
358 3141 409 3214 τῷ]
429 3157 499 3197 corr.
519 3157 552 3194 ex
570 3138 602 3195 τό
620 3159 656 3197 m.
677 3147 693 3196 2
712 3141 742 3195 Ρ,
816 3146 841 3196 8.
865 3136 924 3196 άπὸ
943 3142 1013 3214 τῶν]
1034 3159 1090 3200 om.
1111 3145 1146 3211 P;

129 3207 260 3298 53³⁶<va
279 3229 363 3281 supra
382 3228 434 3267 scr.
454 3232 473 3266 οι
491 3231 528 3265 m.
545 3217 558 3265 1
578 3211 610 3278 ος
629 3208 685 3296 άιτὸ
705 3213 831 3335 τοξονὶυε.
851 3218 919 3267 m.2
938 3213 968 3267 F.
1044 3220 1087 3271 11.
1109 3216 1146 3283 τῷ

129 3281 369 3407 δεάιῖοιῖιιᾚ]
391 3282 613 3423 ωῗάῃίάάά
628 3283 689 3409 άῳ]
708 3303 770 3408 Va.
787 3283 1147 3427 mfflsseffipfa'

129 3421 195 3479 add.
214 3425 245 3476 N
261 3440 297 3477 m.
318 3428 349 3490 2,
372 3421 402 3476 F.
478 3427 519 3478 14.
538 3419 573 3476 τά
594 3419 684 3496 οιάτά]
706 3441 775 3482 corr.
796 3441 830 3480 ex
847 3426 938 3479 ταῦτα
957 3425 991 3480 V.
1065 3428 1144 3499 MZ]

129 3509 197 3547 corr.
217 3510 251 3549 ex
270 3497 333 3548 ΖΜ
346 3491 379 3548 V.
437 3497 478 3547 15.
497 3488 689 3565 ἀσυμμέτρου]
710 3511 778 3551 corr.
794 3513 828 3550 ex
847 3495 1005 3567 συμμέτρου
1024 3514 1061 3550 m.
1077 3504 1095 3553 2
1113 3500 1145 3553 B.
