<?xml version="1.0" encoding="UTF-8"?>
<!DOCTYPE html PUBLIC "-//W3C//DTD XHTML 1.0 Transitional//EN"
    "http://www.w3.org/TR/xhtml1/DTD/xhtml1-transitional.dtd">
<html xmlns="http://www.w3.org/1999/xhtml" xml:lang="en" lang="en">
 <head>
  <title>
</title>
<meta http-equiv="Content-Type" content="text/html;charset=utf-8" />
  <meta name='ocr-system' content='tesseract 3.04.00' />
  <meta name='ocr-capabilities' content='ocr_page ocr_carea ocr_par ocr_line ocrx_word'/>
</head>
<body>
  <div class='ocr_page' id='page_1' title='image "./euclidisoperaom06unkngoog_0249.png"; bbox 0 0 2474 3908; ppageno 0'>
   <div class='ocr_carea' id='block_1_1' title="bbox 142 175 774 244">
    <p class='ocr_par' dir='ltr' id='par_1_1' title="bbox 142 175 774 244">
     <span class='ocr_line' id='line_1_1' title="bbox 142 175 774 244; baseline 0 -11"><span class='ocrx_word' id='word_1_1' title='bbox 142 178 207 244; x_wconf 83' lang='grc'><strong><em>234</em></strong></span> <span class='ocrx_word' id='word_1_2' title='bbox 527 181 728 233; x_wconf 77' lang='grc' dir='ltr'>ΣΤΟΙΧΕΙΩΝ</span> <span class='ocrx_word' id='word_1_3' title='bbox 747 175 774 233; x_wconf 88' lang='grc' dir='ltr'><strong><em>ι’.</em></strong></span> 
     </span>
    </p>
   </div>
   <div class='ocr_carea' id='block_1_2' title="bbox 9 318 1170 2904">
    <p class='ocr_par' dir='ltr' id='par_1_2' title="bbox 107 318 1162 1302">
     <span class='ocr_line' id='line_1_2' title="bbox 141 318 1161 410; baseline -0.001 -21"><span class='ocrx_word' id='word_1_4' title='bbox 141 330 218 408; x_wconf 82' lang='grc' dir='ltr'><strong><em>ΑΒ,</em></strong></span> <span class='ocrx_word' id='word_1_5' title='bbox 237 328 304 389; x_wconf 90' lang='grc' dir='ltr'><strong><em>ΒΓ</em></strong></span> <span class='ocrx_word' id='word_1_6' title='bbox 322 319 434 409; x_wconf 79' lang='grc' dir='ltr'><strong><em>ῥητόν,</em></strong></span> <span class='ocrx_word' id='word_1_7' title='bbox 457 318 649 409; x_wconf 84' lang='grc' dir='ltr'><strong><em>ἀσύμμετρα</em></strong></span> <span class='ocrx_word' id='word_1_8' title='bbox 674 320 741 410; x_wconf 85' lang='grc' dir='ltr'><strong><em>άρα</em></strong></span> <span class='ocrx_word' id='word_1_9' title='bbox 760 322 829 390; x_wconf 80' lang='grc' dir='ltr'><strong><em>ἐστὶ</em></strong></span> <span class='ocrx_word' id='word_1_10' title='bbox 846 319 888 388; x_wconf 82' lang='grc' dir='ltr'><strong><em>τά</em></strong></span> <span class='ocrx_word' id='word_1_11' title='bbox 907 319 971 389; x_wconf 86' lang='grc' dir='ltr'><strong><em>άπὸ</em></strong></span> <span class='ocrx_word' id='word_1_12' title='bbox 991 323 1059 389; x_wconf 79' lang='grc' dir='ltr'><strong><em>τῶν</em></strong></span> <span class='ocrx_word' id='word_1_13' title='bbox 1078 329 1112 387; x_wconf 89' lang='grc' dir='ltr'><em>Λ</em></span> <span class='ocrx_word' id='word_1_14' title='bbox 1119 328 1161 406; x_wconf 88' lang='grc' dir='ltr'><strong><em>Β,</em></strong></span> 
     </span>
     <span class='ocr_line' id='line_1_3' title="bbox 141 422 1154 522; baseline -0.001 -24"><span class='ocrx_word' id='word_1_15' title='bbox 141 436 209 498; x_wconf 99' lang='grc' dir='ltr'><strong><em>ΒΓ</em></strong></span> <span class='ocrx_word' id='word_1_16' title='bbox 226 441 272 522; x_wconf 74' lang='grc' dir='ltr'><strong><em>τῷ</em></strong></span> <span class='ocrx_word' id='word_1_17' title='bbox 292 429 344 508; x_wconf 80' lang='grc' dir='ltr'><strong><em>δίς</em></strong></span> <span class='ocrx_word' id='word_1_18' title='bbox 365 425 432 496; x_wconf 84' lang='grc' dir='ltr'><strong><em>ὑπὸ</em></strong></span> <span class='ocrx_word' id='word_1_19' title='bbox 451 432 519 496; x_wconf 79' lang='grc' dir='ltr'><strong><em>τῶν</em></strong></span> <span class='ocrx_word' id='word_1_20' title='bbox 535 437 614 515; x_wconf 84' lang='grc' dir='ltr'><strong><em>·ΑΒ,</em></strong></span> <span class='ocrx_word' id='word_1_21' title='bbox 633 434 704 496; x_wconf 90' lang='grc' dir='ltr'><strong><em>ΒΓ·</em></strong></span> <span class='ocrx_word' id='word_1_22' title='bbox 732 429 787 496; x_wconf 80' lang='grc' dir='ltr'><strong><em>καὶ</em></strong></span> <span class='ocrx_word' id='word_1_23' title='bbox 807 427 926 497; x_wconf 88' lang='grc' dir='ltr'><strong><em>λοιπὸν</em></strong></span> <span class='ocrx_word' id='word_1_24' title='bbox 945 427 1011 518; x_wconf 87' lang='grc' dir='ltr'><strong><em>άρα</em></strong></span> <span class='ocrx_word' id='word_1_25' title='bbox 1033 426 1071 496; x_wconf 89' lang='grc' dir='ltr'><strong><em>τὸ</em></strong></span> <span class='ocrx_word' id='word_1_26' title='bbox 1091 422 1154 497; x_wconf 76' lang='grc' dir='ltr'><strong><em>άπί</em></strong></span> 
     </span>
     <span class='ocr_line' id='line_1_4' title="bbox 140 532 1161 626; baseline 0 -22"><span class='ocrx_word' id='word_1_27' title='bbox 140 542 199 624; x_wconf 87' lang='grc' dir='ltr'><strong><em>τής</em></strong></span> <span class='ocrx_word' id='word_1_28' title='bbox 226 542 295 604; x_wconf 88' lang='grc' dir='ltr'><strong><em>ΑΓ</em></strong></span> <span class='ocrx_word' id='word_1_29' title='bbox 319 532 533 623; x_wconf 85' lang='grc' dir='ltr'><strong><em>άσάμμετρόν</em></strong></span> <span class='ocrx_word' id='word_1_30' title='bbox 562 537 631 603; x_wconf 79' lang='grc' dir='ltr'><strong><em>ἐστι</em></strong></span> <span class='ocrx_word' id='word_1_31' title='bbox 658 539 704 626; x_wconf 74' lang='grc' dir='ltr'><strong><em>τῷ</em></strong></span> <span class='ocrx_word' id='word_1_32' title='bbox 728 537 780 615; x_wconf 77' lang='grc' dir='ltr'><strong><em>δὶς</em></strong></span> <span class='ocrx_word' id='word_1_33' title='bbox 802 533 867 603; x_wconf 84' lang='grc' dir='ltr'><strong><em>ὑπὸ</em></strong></span> <span class='ocrx_word' id='word_1_34' title='bbox 891 546 960 604; x_wconf 78' lang='grc' dir='ltr'><strong><em>τῶν</em></strong></span> <span class='ocrx_word' id='word_1_35' title='bbox 982 541 1063 621; x_wconf 88' lang='grc' dir='ltr'><strong><em>ΑΒ,</em></strong></span> <span class='ocrx_word' id='word_1_36' title='bbox 1087 541 1161 604; x_wconf 90' lang='grc' dir='ltr'><strong><em>ΒΓ.</em></strong></span> 
     </span>
     <span class='ocr_line' id='line_1_5' title="bbox 141 639 1161 731; baseline 0.001 -21"><span class='ocrx_word' id='word_1_37' title='bbox 141 648 201 710; x_wconf 92' lang='grc' dir='ltr'><strong><em>καί</em></strong></span> <span class='ocrx_word' id='word_1_38' title='bbox 221 643 289 710; x_wconf 82' lang='grc' dir='ltr'><strong><em>ἐστι</em></strong></span> <span class='ocrx_word' id='word_1_39' title='bbox 311 644 349 711; x_wconf 90' lang='grc' dir='ltr'><strong><em>τὸ</em></strong></span> <span class='ocrx_word' id='word_1_40' title='bbox 373 642 425 722; x_wconf 78' lang='grc' dir='ltr'><strong><em>θὶς</em></strong></span> <span class='ocrx_word' id='word_1_41' title='bbox 447 640 513 710; x_wconf 81' lang='grc' dir='ltr'><strong><em>ὑπὸ</em></strong></span> <span class='ocrx_word' id='word_1_42' title='bbox 531 646 599 710; x_wconf 80' lang='grc' dir='ltr'><strong><em>τῶν</em></strong></span> <span class='ocrx_word' id='word_1_43' title='bbox 622 651 697 727; x_wconf 82' lang='grc' dir='ltr'><strong><em>ΑΒ,</em></strong></span> <span class='ocrx_word' id='word_1_44' title='bbox 717 648 785 711; x_wconf 87' lang='grc' dir='ltr'><strong><em>ΒΓ</em></strong></span> <span class='ocrx_word' id='word_1_45' title='bbox 803 641 921 731; x_wconf 81' lang='grc' dir='ltr'><strong><em>ῥητόν·</em></strong></span> <span class='ocrx_word' id='word_1_46' title='bbox 946 640 984 710; x_wconf 87' lang='grc' dir='ltr'><strong><em>τὸ</em></strong></span> <span class='ocrx_word' id='word_1_47' title='bbox 1005 640 1071 728; x_wconf 89' lang='grc' dir='ltr'><strong><em>άρα</em></strong></span> <span class='ocrx_word' id='word_1_48' title='bbox 1090 639 1161 711; x_wconf 87' lang='grc' dir='ltr'><strong><em>άπὸ</em></strong></span> 
     </span>
     <span class='ocr_line' id='line_1_6' title="bbox 107 747 1162 837; baseline -0.002 -19"><span class='ocrx_word' id='word_1_49' title='bbox 107 755 200 837; x_wconf 79' lang='grc' dir='ltr'><strong><em>ετής</em></strong></span> <span class='ocrx_word' id='word_1_50' title='bbox 222 756 290 818; x_wconf 90' lang='grc' dir='ltr'><strong><em>ΑΓ</em></strong></span> <span class='ocrx_word' id='word_1_51' title='bbox 309 748 436 836; x_wconf 76' lang='grc' dir='ltr'><strong><em>ἄλογόν</em></strong></span> <span class='ocrx_word' id='word_1_52' title='bbox 460 752 563 818; x_wconf 80' lang='grc' dir='ltr'><strong><em>ἐστιν·</em></strong></span> <span class='ocrx_word' id='word_1_53' title='bbox 593 747 715 836; x_wconf 78' lang='grc' dir='ltr'><strong><em>άλογος</em></strong></span> <span class='ocrx_word' id='word_1_54' title='bbox 738 748 804 836; x_wconf 85' lang='grc' dir='ltr'><strong><em>άρα</em></strong></span> <span class='ocrx_word' id='word_1_55' title='bbox 827 751 918 818; x_wconf 82' lang='grc' dir='ltr'><strong><em>ἐστὶν</em></strong></span> <span class='ocrx_word' id='word_1_56' title='bbox 940 747 962 836; x_wconf 85' lang='grc' dir='ltr'><strong><em>ή</em></strong></span> <span class='ocrx_word' id='word_1_57' title='bbox 985 754 1063 816; x_wconf 86' lang='grc' dir='ltr'><strong><em>ΑΓ·</em></strong></span> <span class='ocrx_word' id='word_1_58' title='bbox 1105 775 1162 816; x_wconf 92' lang='grc' dir='ltr'><strong><em>κα-</em></strong></span> 
     </span>
     <span class='ocr_line' id='line_1_7' title="bbox 141 854 1160 944; baseline 0 -20"><span class='ocrx_word' id='word_1_59' title='bbox 141 863 266 926; x_wconf 89' lang='grc' dir='ltr'><strong><em>λείσθω</em></strong></span> <span class='ocrx_word' id='word_1_60' title='bbox 287 859 324 926; x_wconf 76' lang='grc' dir='ltr'><strong><em>δὲ</em></strong></span> <span class='ocrx_word' id='word_1_61' title='bbox 342 854 363 943; x_wconf 85' lang='grc' dir='ltr'><strong><em>ή</em></strong></span> <span class='ocrx_word' id='word_1_62' title='bbox 382 858 476 944; x_wconf 85' lang='grc' dir='ltr'><strong><em>μετὰ</em></strong></span> <span class='ocrx_word' id='word_1_63' title='bbox 501 860 623 944; x_wconf 81' lang='grc' dir='ltr'><strong><em>ῥητοῦ</em></strong></span> <span class='ocrx_word' id='word_1_64' title='bbox 646 858 768 944; x_wconf 81' lang='grc' dir='ltr'><em>μέσον</em></span> <span class='ocrx_word' id='word_1_65' title='bbox 790 855 832 925; x_wconf 84' lang='grc' dir='ltr'><strong><em>τὸ</em></strong></span> <span class='ocrx_word' id='word_1_66' title='bbox 858 855 953 925; x_wconf 94' lang='grc' dir='ltr'><strong><em>ὅλον</em></strong></span> <span class='ocrx_word' id='word_1_67' title='bbox 975 860 1160 924; x_wconf 80' lang='grc' dir='ltr'><strong><em>ποιοῦσα.</em></strong></span> 
     </span>
     <span class='ocr_line' id='line_1_8' title="bbox 142 961 453 1053; baseline 0.003 -21"><span class='ocrx_word' id='word_1_68' title='bbox 142 961 222 1053; x_wconf 89' lang='grc' dir='ltr'><strong><em>ὅπερ</em></strong></span> <span class='ocrx_word' id='word_1_69' title='bbox 247 967 314 1032; x_wconf 76' lang='grc' dir='ltr'><strong><em>ἔδει</em></strong></span> <span class='ocrx_word' id='word_1_70' title='bbox 339 966 453 1046; x_wconf 77' lang='grc' dir='ltr'><strong><em>δεῖξαι.</em></strong></span> 
     </span>
     <span class='ocr_line' id='line_1_9' title="bbox 619 1087 682 1174; baseline 0 -18"><span class='ocrx_word' id='word_1_71' title='bbox 619 1087 682 1174; x_wconf 83' lang='grc' dir='ltr'><strong><em>οη’.</em></strong></span> 
     </span>
     <span class='ocr_line' id='line_1_10' title="bbox 205 1210 1161 1302; baseline -0.002 -21"><span class='ocrx_word' id='word_1_72' title='bbox 205 1210 293 1281; x_wconf 81' lang='grc' dir='ltr'><strong><em>Ἐὰν</em></strong></span> <span class='ocrx_word' id='word_1_73' title='bbox 317 1211 391 1281; x_wconf 86' lang='grc' dir='ltr'><strong><em>άπὸ</em></strong></span> <span class='ocrx_word' id='word_1_74' title='bbox 416 1212 578 1294; x_wconf 79' lang='grc' dir='ltr'><strong><em>εὐθείας</em></strong></span> <span class='ocrx_word' id='word_1_75' title='bbox 602 1211 741 1281; x_wconf 81' lang='grc' dir='ltr'><strong><em>εὐθεῖα</em></strong></span> <span class='ocrx_word' id='word_1_76' title='bbox 765 1210 967 1302; x_wconf 74' lang='grc' dir='ltr'><em>ἀφαιρεθῇ</em></span> <span class='ocrx_word' id='word_1_77' title='bbox 988 1212 1161 1298; x_wconf 78' lang='grc' dir='ltr'><strong><em>δυνάμει</em></strong></span> 
     </span>
    </p>

    <p class='ocr_par' dir='ltr' id='par_1_3' title="bbox 89 1310 1161 1410">
     <span class='ocr_line' id='line_1_11' title="bbox 89 1310 1161 1410; baseline -0.004 -20"><span class='ocrx_word' id='word_1_78' title='bbox 89 1341 122 1390; x_wconf 87' lang='grc'><strong><em>10</em></strong></span> <span class='ocrx_word' id='word_1_79' title='bbox 141 1317 391 1408; x_wconf 85' lang='grc' dir='ltr'><strong><em>άσάμμετρος</em></strong></span> <span class='ocrx_word' id='word_1_80' title='bbox 423 1310 522 1387; x_wconf 78' lang='grc' dir='ltr'><strong><em>οὖσα</em></strong></span> <span class='ocrx_word' id='word_1_81' title='bbox 552 1322 598 1409; x_wconf 82' lang='grc' dir='ltr'><strong><em>τή</em></strong></span> <span class='ocrx_word' id='word_1_82' title='bbox 632 1318 717 1410; x_wconf 82' lang='grc' dir='ltr'><strong><em>ὅλή,</em></strong></span> <span class='ocrx_word' id='word_1_83' title='bbox 753 1318 849 1406; x_wconf 83' lang='grc' dir='ltr'><strong><em>μετὰ</em></strong></span> <span class='ocrx_word' id='word_1_84' title='bbox 882 1319 924 1387; x_wconf 68' lang='grc' dir='ltr'><strong><em>δὲ</em></strong></span> <span class='ocrx_word' id='word_1_85' title='bbox 960 1323 1028 1405; x_wconf 86' lang='grc' dir='ltr'><strong><em>τής</em></strong></span> <span class='ocrx_word' id='word_1_86' title='bbox 1065 1319 1161 1404; x_wconf 85' lang='grc' dir='ltr'><strong><em>ὅλης</em></strong></span> 
     </span>
    </p>

    <p class='ocr_par' dir='ltr' id='par_1_4' title="bbox 9 1422 1162 2370">
     <span class='ocr_line' id='line_1_12' title="bbox 141 1422 1157 1514; baseline -0.002 -21"><span class='ocrx_word' id='word_1_87' title='bbox 141 1437 313 1494; x_wconf 88' lang='grc' dir='ltr'><strong><em>ποιοῦσα</em></strong></span> <span class='ocrx_word' id='word_1_88' title='bbox 340 1424 385 1493; x_wconf 89' lang='grc' dir='ltr'><strong><em>τό</em></strong></span> <span class='ocrx_word' id='word_1_89' title='bbox 413 1452 452 1493; x_wconf 89' lang='grc' dir='ltr'><strong><em>τε</em></strong></span> <span class='ocrx_word' id='word_1_90' title='bbox 480 1431 746 1514; x_wconf 81' lang='grc' dir='ltr'><strong><em>συγκείμενον</em></strong></span> <span class='ocrx_word' id='word_1_91' title='bbox 773 1428 813 1494; x_wconf 80' lang='grc' dir='ltr'><strong><em>ἐκ</em></strong></span> <span class='ocrx_word' id='word_1_92' title='bbox 840 1429 916 1494; x_wconf 78' lang='grc' dir='ltr'><strong><em>τῶν</em></strong></span> <span class='ocrx_word' id='word_1_93' title='bbox 939 1422 1001 1492; x_wconf 80' lang='grc' dir='ltr'><strong><em>ἀπ’</em></strong></span> <span class='ocrx_word' id='word_1_94' title='bbox 1026 1422 1157 1492; x_wconf 80' lang='grc' dir='ltr'><strong><em>αὐτῶν</em></strong></span> 
     </span>
     <span class='ocr_line' id='line_1_13' title="bbox 9 1530 1159 1644; baseline -0.001 -45"><span class='ocrx_word' id='word_1_95' title='bbox 9 1559 70 1637; x_wconf 44' lang='grc' dir='ltr'><strong><em>Μή</em></strong></span> <span class='ocrx_word' id='word_1_96' title='bbox 133 1531 402 1644; x_wconf 51' lang='grc' dir='ltr'><strong><em>μετραγάνων</em></strong></span> <span class='ocrx_word' id='word_1_97' title='bbox 431 1534 552 1618; x_wconf 80' lang='grc' dir='ltr'><strong><em>μέσον</em></strong></span> <span class='ocrx_word' id='word_1_98' title='bbox 580 1531 623 1601; x_wconf 92' lang='grc' dir='ltr'><strong><em>τό</em></strong></span> <span class='ocrx_word' id='word_1_99' title='bbox 646 1559 686 1601; x_wconf 86' lang='grc' dir='ltr'><strong><em>τε</em></strong></span> <span class='ocrx_word' id='word_1_100' title='bbox 710 1534 770 1614; x_wconf 76' lang='grc' dir='ltr'><strong><em>θὶς</em></strong></span> <span class='ocrx_word' id='word_1_101' title='bbox 792 1531 856 1602; x_wconf 79' lang='grc' dir='ltr'><strong><em>ὑπ’</em></strong></span> <span class='ocrx_word' id='word_1_102' title='bbox 883 1530 1013 1601; x_wconf 77' lang='grc' dir='ltr'><strong><em>αὐτῶν</em></strong></span> <span class='ocrx_word' id='word_1_103' title='bbox 1036 1532 1159 1618; x_wconf 80' lang='grc' dir='ltr'><strong><em>μέσον</em></strong></span> 
     </span>
     <span class='ocr_line' id='line_1_14' title="bbox 9 1634 1161 1726; baseline -0.001 -19"><span class='ocrx_word' id='word_1_104' title='bbox 9 1663 47 1707; x_wconf 59' lang='grc' dir='ltr'><strong><em>,α</em></strong></span> <span class='ocrx_word' id='word_1_105' title='bbox 194 1638 206 1705; x_wconf 82' lang='grc' dir='ltr'><strong><em>λ</em></strong></span> <span class='ocrx_word' id='word_1_106' title='bbox 239 1643 297 1705; x_wconf 81' lang='grc' dir='ltr'><strong><em>ἔτι</em></strong></span> <span class='ocrx_word' id='word_1_107' title='bbox 328 1635 372 1704; x_wconf 81' lang='grc' dir='ltr'><strong><em>τά</em></strong></span> <span class='ocrx_word' id='word_1_108' title='bbox 407 1634 468 1704; x_wconf 82' lang='grc' dir='ltr'><strong><em>ἀπ’</em></strong></span> <span class='ocrx_word' id='word_1_109' title='bbox 504 1636 635 1707; x_wconf 77' lang='grc' dir='ltr'><strong><em>αὐτῶν</em></strong></span> <span class='ocrx_word' id='word_1_110' title='bbox 667 1639 898 1726; x_wconf 89' lang='grc' dir='ltr'><strong><em>τετράγωνα</em></strong></span> <span class='ocrx_word' id='word_1_111' title='bbox 929 1636 1161 1726; x_wconf 67' lang='grc' dir='ltr'><strong><em>ἀσύμμετρα</em></strong></span> 
     </span>
     <span class='ocr_line' id='line_1_15' title="bbox 10 1726 1162 1835; baseline 0.004 -26"><span class='ocrx_word' id='word_1_112' title='bbox 10 1726 121 1821; x_wconf 56' lang='lat'><strong><em>222⁵!</em></strong></span> <span class='ocrx_word' id='word_1_113' title='bbox 142 1748 192 1835; x_wconf 78' lang='grc' dir='ltr'><strong><em>τῷ</em></strong></span> <span class='ocrx_word' id='word_1_114' title='bbox 221 1744 282 1824; x_wconf 77' lang='grc' dir='ltr'><strong><em>δὶς</em></strong></span> <span class='ocrx_word' id='word_1_115' title='bbox 309 1741 371 1811; x_wconf 84' lang='grc' dir='ltr'><strong><em>ὑπ’</em></strong></span> <span class='ocrx_word' id='word_1_116' title='bbox 398 1741 546 1831; x_wconf 82' lang='grc' dir='ltr'><strong><em>αὐτῶν,</em></strong></span> <span class='ocrx_word' id='word_1_117' title='bbox 574 1742 596 1832; x_wconf 83' lang='grc' dir='ltr'><em>ἡ</em></span> <span class='ocrx_word' id='word_1_118' title='bbox 620 1745 740 1833; x_wconf 85' lang='grc' dir='ltr'><strong><em>λοιπή</em></strong></span> <span class='ocrx_word' id='word_1_119' title='bbox 769 1745 916 1832; x_wconf 83' lang='grc' dir='ltr'><strong><em>άλογός</em></strong></span> <span class='ocrx_word' id='word_1_120' title='bbox 944 1748 1066 1815; x_wconf 82' lang='grc' dir='ltr'><strong><em>ἐστιν·</em></strong></span> <span class='ocrx_word' id='word_1_121' title='bbox 1104 1773 1162 1814; x_wconf 91' lang='grc' dir='ltr'><strong><em>κα-</em></strong></span> 
     </span>
     <span class='ocr_line' id='line_1_16' title="bbox 9 1823 1161 1938; baseline 0.001 -18"><span class='ocrx_word' id='word_1_122' title='bbox 9 1823 124 1922; x_wconf 50' lang='lat'><strong><em>&#39;&#39;415</em></strong></span> <span class='ocrx_word' id='word_1_123' title='bbox 143 1855 268 1918; x_wconf 87' lang='grc' dir='ltr'><strong><em>λείσθω</em></strong></span> <span class='ocrx_word' id='word_1_124' title='bbox 289 1847 365 1938; x_wconf 72' lang='grc' dir='ltr'><strong><em>ὃλή</em></strong></span> <span class='ocrx_word' id='word_1_125' title='bbox 416 1852 481 1920; x_wconf 86' lang='grc' dir='ltr'><strong><em>ετὰ</em></strong></span> <span class='ocrx_word' id='word_1_126' title='bbox 533 1852 626 1921; x_wconf 81' lang='grc' dir='ltr'><strong><em>ἐσου</em></strong></span> <span class='ocrx_word' id='word_1_127' title='bbox 679 1852 829 1922; x_wconf 69' lang='grc' dir='ltr'><strong><em>ἔσοντ’</em></strong></span> <span class='ocrx_word' id='word_1_128' title='bbox 861 1850 956 1920; x_wconf 91' lang='grc' dir='ltr'><strong><em>ὅλον</em></strong></span> <span class='ocrx_word' id='word_1_129' title='bbox 978 1856 1100 1921; x_wconf 85' lang='grc' dir='ltr'><strong><em>ποιοῦ</em></strong></span> <span class='ocrx_word' id='word_1_130' title='bbox 1131 1879 1161 1922; x_wconf 94' lang='grc' dir='ltr'><strong><em>α.</em></strong></span> 
     </span>
     <span class='ocr_line' id='line_1_17' title="bbox 206 1955 1157 2048; baseline 0.004 -24"><span class='ocrx_word' id='word_1_131' title='bbox 206 1955 285 2025; x_wconf 85' lang='grc' dir='ltr'><strong><em>Ἀπὸ</em></strong></span> <span class='ocrx_word' id='word_1_132' title='bbox 317 1957 381 2048; x_wconf 79' lang='grc' dir='ltr'><strong><em>γάρ</em></strong></span> <span class='ocrx_word' id='word_1_133' title='bbox 414 1957 550 2038; x_wconf 78' lang='grc' dir='ltr'><strong><em>εὐθείας</em></strong></span> <span class='ocrx_word' id='word_1_134' title='bbox 580 1964 639 2046; x_wconf 87' lang='grc' dir='ltr'><strong><em>τής</em></strong></span> <span class='ocrx_word' id='word_1_135' title='bbox 670 1967 736 2027; x_wconf 88' lang='grc' dir='ltr'><strong><em>ΑΒ</em></strong></span> <span class='ocrx_word' id='word_1_136' title='bbox 767 1957 885 2028; x_wconf 75' lang='grc' dir='ltr'><strong><em>εὐθεῖα</em></strong></span> <span class='ocrx_word' id='word_1_137' title='bbox 913 1956 1105 2048; x_wconf 75' lang='grc' dir='ltr'><strong><em>ἀφῃρήσθω</em></strong></span> <span class='ocrx_word' id='word_1_138' title='bbox 1136 1957 1157 2046; x_wconf 83' lang='grc' dir='ltr'><em>ἡ</em></span> 
     </span>
     <span class='ocr_line' id='line_1_18' title="bbox 142 2058 1161 2156; baseline 0.002 -25"><span class='ocrx_word' id='word_1_139' title='bbox 142 2070 209 2132; x_wconf 89' lang='grc' dir='ltr'><strong><em>ΒΓ</em></strong></span> <span class='ocrx_word' id='word_1_140' title='bbox 223 2064 366 2153; x_wconf 77' lang='grc' dir='ltr'><strong><em>δυνάμει</em></strong></span> <span class='ocrx_word' id='word_1_141' title='bbox 380 2063 591 2155; x_wconf 84' lang='grc' dir='ltr'><strong><em>άσάμμετρος</em></strong></span> <span class='ocrx_word' id='word_1_142' title='bbox 609 2058 695 2134; x_wconf 81' lang='grc' dir='ltr'><strong><em>οὖσα</em></strong></span> <span class='ocrx_word' id='word_1_143' title='bbox 713 2077 753 2156; x_wconf 77' lang='grc' dir='ltr'><strong><em>τῇ</em></strong></span> <span class='ocrx_word' id='word_1_144' title='bbox 773 2076 805 2134; x_wconf 86' lang='grc' dir='ltr'><em>Α</em></span> <span class='ocrx_word' id='word_1_145' title='bbox 811 2074 839 2134; x_wconf 96' lang='grc' dir='ltr'><strong><em>Β</em></strong></span> <span class='ocrx_word' id='word_1_146' title='bbox 858 2070 1004 2134; x_wconf 82' lang='grc' dir='ltr'><strong><em>ποιοῦσα-</em></strong></span> <span class='ocrx_word' id='word_1_147' title='bbox 1021 2064 1060 2133; x_wconf 80' lang='grc' dir='ltr'><strong><em>τά</em></strong></span> <span class='ocrx_word' id='word_1_148' title='bbox 1079 2089 1161 2154; x_wconf 92' lang='grc' dir='ltr'><strong><em>προ-</em></strong></span> 
     </span>
     <span class='ocr_line' id='line_1_19' title="bbox 142 2170 1162 2261; baseline 0.001 -23"><span class='ocrx_word' id='word_1_149' title='bbox 142 2178 290 2259; x_wconf 85' lang='grc' dir='ltr'><strong><em>κείμενα·</em></strong></span> <span class='ocrx_word' id='word_1_150' title='bbox 321 2173 418 2260; x_wconf 80' lang='grc' dir='ltr'><strong><em>λέγω,</em></strong></span> <span class='ocrx_word' id='word_1_151' title='bbox 442 2171 493 2242; x_wconf 85' lang='grc' dir='ltr'><strong><em>ὅτι</em></strong></span> <span class='ocrx_word' id='word_1_152' title='bbox 511 2170 532 2260; x_wconf 86' lang='grc' dir='ltr'><strong><em>ή</em></strong></span> <span class='ocrx_word' id='word_1_153' title='bbox 553 2173 651 2261; x_wconf 90' lang='grc' dir='ltr'><strong><em>λοιπή</em></strong></span> <span class='ocrx_word' id='word_1_154' title='bbox 675 2171 785 2261; x_wconf 86' lang='grc' dir='ltr'><strong><em>ήΑΓ</em></strong></span> <span class='ocrx_word' id='word_1_155' title='bbox 804 2172 927 2260; x_wconf 79' lang='grc' dir='ltr'><strong><em>ἄλογός</em></strong></span> <span class='ocrx_word' id='word_1_156' title='bbox 951 2175 1042 2242; x_wconf 78' lang='grc' dir='ltr'><strong><em>ἐστιν</em></strong></span> <span class='ocrx_word' id='word_1_157' title='bbox 1064 2170 1086 2260; x_wconf 87' lang='grc' dir='ltr'><strong><em>ή</em></strong></span> <span class='ocrx_word' id='word_1_158' title='bbox 1105 2197 1162 2239; x_wconf 85' lang='grc' dir='ltr'><strong><em>κα-</em></strong></span> 
     </span>
     <span class='ocr_line' id='line_1_20' title="bbox 143 2278 1037 2370; baseline 0.001 -23"><span class='ocrx_word' id='word_1_159' title='bbox 143 2281 289 2367; x_wconf 78' lang='grc' dir='ltr'><strong><em>λουμένη</em></strong></span> <span class='ocrx_word' id='word_1_160' title='bbox 313 2278 334 2366; x_wconf 88' lang='grc' dir='ltr'><strong><em>ή</em></strong></span> <span class='ocrx_word' id='word_1_161' title='bbox 358 2283 440 2368; x_wconf 84' lang='grc' dir='ltr'><strong><em>μετὰ</em></strong></span> <span class='ocrx_word' id='word_1_162' title='bbox 463 2281 568 2367; x_wconf 82' lang='grc' dir='ltr'><strong><em>μέσον</em></strong></span> <span class='ocrx_word' id='word_1_163' title='bbox 591 2282 694 2368; x_wconf 81' lang='grc' dir='ltr'><strong><em>μέσον</em></strong></span> <span class='ocrx_word' id='word_1_164' title='bbox 717 2280 755 2350; x_wconf 89' lang='grc' dir='ltr'><strong><em>τὸ</em></strong></span> <span class='ocrx_word' id='word_1_165' title='bbox 770 2279 862 2370; x_wconf 31' lang='grc' dir='ltr'><strong><em>,ὅλον</em></strong></span> <span class='ocrx_word' id='word_1_166' title='bbox 884 2285 1037 2349; x_wconf 83' lang='grc' dir='ltr'><strong><em>ποιοῦσα.</em></strong></span> 
     </span>
    </p>

    <p class='ocr_par' dir='ltr' id='par_1_5' title="bbox 90 2383 1170 2904">
     <span class='ocr_line' id='line_1_21' title="bbox 90 2383 1161 2475; baseline 0 -19"><span class='ocrx_word' id='word_1_167' title='bbox 90 2408 124 2456; x_wconf 83' lang='lat'><strong><em>20</em></strong></span> <span class='ocrx_word' id='word_1_168' title='bbox 206 2383 386 2454; x_wconf 81' lang='grc' dir='ltr'><strong><em>Ἐκκείσθω</em></strong></span> <span class='ocrx_word' id='word_1_169' title='bbox 410 2384 474 2473; x_wconf 84' lang='grc' dir='ltr'><strong><em>γάρ</em></strong></span> <span class='ocrx_word' id='word_1_170' title='bbox 498 2387 581 2475; x_wconf 79' lang='grc' dir='ltr'><strong><em>ῥητή</em></strong></span> <span class='ocrx_word' id='word_1_171' title='bbox 605 2386 626 2475; x_wconf 89' lang='grc' dir='ltr'><strong><em>ή</em></strong></span> <span class='ocrx_word' id='word_1_172' title='bbox 652 2396 725 2475; x_wconf 81' lang='grc' dir='ltr'><strong><em>ΔΙ,</em></strong></span> <span class='ocrx_word' id='word_1_173' title='bbox 748 2388 804 2456; x_wconf 82' lang='grc' dir='ltr'><strong><em>καλ</em></strong></span> <span class='ocrx_word' id='word_1_174' title='bbox 826 2401 897 2469; x_wconf 82' lang='grc' dir='ltr'><strong><em>τοίς</em></strong></span> <span class='ocrx_word' id='word_1_175' title='bbox 920 2387 982 2474; x_wconf 71' lang='grc' dir='ltr'><strong><em>μὲν</em></strong></span> <span class='ocrx_word' id='word_1_176' title='bbox 1006 2384 1073 2454; x_wconf 87' lang='grc' dir='ltr'><strong><em>άπὸ</em></strong></span> <span class='ocrx_word' id='word_1_177' title='bbox 1092 2396 1161 2456; x_wconf 78' lang='grc' dir='ltr'><strong><em>τῶν</em></strong></span> 
     </span>
     <span class='ocr_line' id='line_1_22' title="bbox 143 2491 1166 2581; baseline 0.003 -24"><span class='ocrx_word' id='word_1_178' title='bbox 143 2498 221 2578; x_wconf 89' lang='lat' dir='ltr'><strong><em>AB,</em></strong></span> <span class='ocrx_word' id='word_1_179' title='bbox 245 2497 312 2559; x_wconf 95' lang='grc' dir='ltr'><strong><em>ΒΓ</em></strong></span> <span class='ocrx_word' id='word_1_180' title='bbox 335 2501 411 2560; x_wconf 83' lang='grc' dir='ltr'><strong><em>ίσον</em></strong></span> <span class='ocrx_word' id='word_1_181' title='bbox 442 2492 531 2580; x_wconf 87' lang='grc' dir='ltr'><strong><em>παρὰ</em></strong></span> <span class='ocrx_word' id='word_1_182' title='bbox 559 2493 621 2581; x_wconf 85' lang='grc' dir='ltr'><strong><em>τήν</em></strong></span> <span class='ocrx_word' id='word_1_183' title='bbox 646 2502 707 2562; x_wconf 86' lang='grc' dir='ltr'><strong><em>ΔΙ</em></strong></span> <span class='ocrx_word' id='word_1_184' title='bbox 734 2492 1003 2581; x_wconf 80' lang='grc' dir='ltr'><strong><em>παραβεβλήσθω</em></strong></span> <span class='ocrx_word' id='word_1_185' title='bbox 1030 2491 1069 2562; x_wconf 87' lang='grc' dir='ltr'><strong><em>τὸ</em></strong></span> <span class='ocrx_word' id='word_1_186' title='bbox 1094 2500 1166 2560; x_wconf 84' lang='grc' dir='ltr'><strong><em>ΔΕ</em></strong></span> 
     </span>
     <span class='ocr_line' id='line_1_23' title="bbox 143 2594 1170 2691; baseline 0.003 -26"><span class='ocrx_word' id='word_1_187' title='bbox 143 2594 268 2676; x_wconf 77' lang='grc' dir='ltr'><strong><em>πλάτος</em></strong></span> <span class='ocrx_word' id='word_1_188' title='bbox 290 2600 412 2665; x_wconf 82' lang='grc' dir='ltr'><strong><em>ποιοῦν</em></strong></span> <span class='ocrx_word' id='word_1_189' title='bbox 435 2601 497 2684; x_wconf 85' lang='grc' dir='ltr'><strong><em>τήν</em></strong></span> <span class='ocrx_word' id='word_1_190' title='bbox 516 2606 600 2685; x_wconf 85' lang='grc' dir='ltr'><strong><em>ΔΗ,</em></strong></span> <span class='ocrx_word' id='word_1_191' title='bbox 623 2605 669 2691; x_wconf 78' lang='grc' dir='ltr'><strong><em>τῷ</em></strong></span> <span class='ocrx_word' id='word_1_192' title='bbox 694 2601 731 2669; x_wconf 67' lang='grc' dir='ltr'><strong><em>δὲ</em></strong></span> <span class='ocrx_word' id='word_1_193' title='bbox 755 2601 807 2680; x_wconf 78' lang='grc' dir='ltr'><strong><em>θὶς</em></strong></span> <span class='ocrx_word' id='word_1_194' title='bbox 829 2598 896 2669; x_wconf 84' lang='grc' dir='ltr'><strong><em>ὑπὸ</em></strong></span> <span class='ocrx_word' id='word_1_195' title='bbox 916 2605 985 2670; x_wconf 79' lang='grc' dir='ltr'><strong><em>των</em></strong></span> <span class='ocrx_word' id='word_1_196' title='bbox 1003 2608 1082 2687; x_wconf 78' lang='grc' dir='ltr'><strong><em>ΑΒ,</em></strong></span> <span class='ocrx_word' id='word_1_197' title='bbox 1102 2606 1170 2668; x_wconf 91' lang='grc' dir='ltr'><strong><em>ΒΓ</em></strong></span> 
     </span>
     <span class='ocr_line' id='line_1_24' title="bbox 144 2701 1164 2794; baseline 0.004 -22"><span class='ocrx_word' id='word_1_198' title='bbox 144 2713 220 2773; x_wconf 86' lang='grc' dir='ltr'><strong><em>ίσον</em></strong></span> <span class='ocrx_word' id='word_1_199' title='bbox 253 2701 443 2792; x_wconf 80' lang='grc' dir='ltr'><strong><em>ἀφῃρήσθω</em></strong></span> <span class='ocrx_word' id='word_1_200' title='bbox 475 2706 513 2773; x_wconf 91' lang='grc' dir='ltr'><strong><em>τὸ</em></strong></span> <span class='ocrx_word' id='word_1_201' title='bbox 549 2712 617 2774; x_wconf 82' lang='grc' dir='ltr'><strong><em>ΔΘ</em></strong></span> <span class='ocrx_word' id='word_1_202' title='bbox 650 2706 790 2790; x_wconf 87' lang='grc' dir='ltr'><strong><em>[πλάτος</em></strong></span> <span class='ocrx_word' id='word_1_203' title='bbox 822 2710 944 2775; x_wconf 84' lang='grc' dir='ltr'><strong><em>ποιοῦν</em></strong></span> <span class='ocrx_word' id='word_1_204' title='bbox 976 2710 1039 2794; x_wconf 85' lang='grc' dir='ltr'><strong><em>τήν</em></strong></span> <span class='ocrx_word' id='word_1_205' title='bbox 1068 2714 1164 2793; x_wconf 88' lang='grc' dir='ltr'><strong><em>ΔΖ].</em></strong></span> 
     </span>
     <span class='ocr_line' id='line_1_25' title="bbox 144 2809 1164 2904; baseline 0.004 -24"><span class='ocrx_word' id='word_1_206' title='bbox 144 2811 264 2881; x_wconf 86' lang='grc' dir='ltr'><strong><em>λοιπὸν</em></strong></span> <span class='ocrx_word' id='word_1_207' title='bbox 288 2809 414 2901; x_wconf 79' lang='grc' dir='ltr'><strong><em>ἄρατὸ</em></strong></span> <span class='ocrx_word' id='word_1_208' title='bbox 438 2818 504 2879; x_wconf 84' lang='grc' dir='ltr'><strong><em>ΖΒ</em></strong></span> <span class='ocrx_word' id='word_1_209' title='bbox 525 2819 601 2882; x_wconf 88' lang='grc' dir='ltr'><strong><em>ίσου</em></strong></span> <span class='ocrx_word' id='word_1_210' title='bbox 624 2813 693 2881; x_wconf 80' lang='grc' dir='ltr'><strong><em>ἐστὶ</em></strong></span> <span class='ocrx_word' id='word_1_211' title='bbox 720 2816 766 2904; x_wconf 76' lang='grc' dir='ltr'><strong><em>τῷ</em></strong></span> <span class='ocrx_word' id='word_1_212' title='bbox 793 2810 857 2881; x_wconf 84' lang='grc' dir='ltr'><strong><em>άπὸ</em></strong></span> <span class='ocrx_word' id='word_1_213' title='bbox 881 2817 940 2901; x_wconf 83' lang='grc' dir='ltr'><strong><em>τῆς</em></strong></span> <span class='ocrx_word' id='word_1_214' title='bbox 962 2818 1040 2880; x_wconf 88' lang='grc' dir='ltr'><strong><em>ΑΓ·</em></strong></span> <span class='ocrx_word' id='word_1_215' title='bbox 1079 2812 1164 2884; x_wconf 79' lang='grc' dir='ltr'><strong><em>ὅστε</em></strong></span> 
     </span>
    </p>
   </div>
   <div class='ocr_carea' id='block_1_3' title="bbox 145 2950 1167 3599">
    <p class='ocr_par' dir='ltr' id='par_1_6' title="bbox 145 2950 1167 3599">
     <span class='ocr_line' id='line_1_26' title="bbox 216 2950 1163 3028; baseline 0.003 -18"><span class='ocrx_word' id='word_1_216' title='bbox 216 2950 596 3024; x_wconf 76' lang='grc' dir='ltr'><strong><em>2.ΒΓτετράγωναΒΒλ).</em></strong></span> <span class='ocrx_word' id='word_1_217' title='bbox 656 2955 913 3027; x_wconf 77' lang='lat' dir='ltr'><strong>BP]Bm.2V.</strong></span> <span class='ocrx_word' id='word_1_218' title='bbox 973 2957 1040 3028; x_wconf 82' lang='grc' dir='ltr'><strong><em>καί]</em></strong></span> <span class='ocrx_word' id='word_1_219' title='bbox 1061 2973 1117 3013; x_wconf 89' lang='lat' dir='ltr'><strong><em>om.</em></strong></span> <span class='ocrx_word' id='word_1_220' title='bbox 1132 2957 1163 3013; x_wconf 91' lang='lat' dir='ltr'><strong><em>P.</em></strong></span> 
     </span>
     <span class='ocr_line' id='line_1_27' title="bbox 182 3022 1164 3102; baseline 0.001 -19"><span class='ocrx_word' id='word_1_221' title='bbox 182 3034 205 3083; x_wconf 83' lang='lat'><strong><em>3.</em></strong></span> <span class='ocrx_word' id='word_1_222' title='bbox 225 3026 384 3098; x_wconf 82' lang='grc' dir='ltr'><strong><em>σύμμετρον</em></strong></span> <span class='ocrx_word' id='word_1_223' title='bbox 403 3026 433 3080; x_wconf 83' lang='lat' dir='ltr'><strong><em>F.</em></strong></span> <span class='ocrx_word' id='word_1_224' title='bbox 507 3033 532 3083; x_wconf 82' lang='lat'><strong><em>4.</em></strong></span> <span class='ocrx_word' id='word_1_225' title='bbox 552 3029 654 3082; x_wconf 84' lang='grc' dir='ltr'><strong><em>καί-</em></strong></span> <span class='ocrx_word' id='word_1_226' title='bbox 673 3027 728 3098; x_wconf 78' lang='grc' dir='ltr'><strong><em>δίς]</em></strong></span> <span class='ocrx_word' id='word_1_227' title='bbox 749 3022 837 3097; x_wconf 77' lang='grc' dir='ltr'><strong><em>ήητόν</em></strong></span> <span class='ocrx_word' id='word_1_228' title='bbox 856 3026 888 3082; x_wconf 76' lang='grc' dir='ltr'><strong><em>δὲ</em></strong></span> <span class='ocrx_word' id='word_1_229' title='bbox 908 3023 940 3082; x_wconf 84' lang='grc' dir='ltr'><strong><em>τό</em></strong></span> <span class='ocrx_word' id='word_1_230' title='bbox 960 3028 993 3083; x_wconf 91' lang='lat' dir='ltr'><strong><em>V.</em></strong></span> <span class='ocrx_word' id='word_1_231' title='bbox 1065 3024 1164 3102; x_wconf 68' lang='grc' dir='ltr'><strong><em>ῥητόν]</em></strong></span> 
     </span>
     <span class='ocr_line' id='line_1_28' title="bbox 145 3092 1164 3187; baseline 0.004 -35"><span class='ocrx_word' id='word_1_232' title='bbox 145 3115 200 3152; x_wconf 88' lang='lat' dir='ltr'><strong><em>om.</em></strong></span> <span class='ocrx_word' id='word_1_233' title='bbox 219 3098 253 3152; x_wconf 88' lang='lat' dir='ltr'><strong><em>V.</em></strong></span> <span class='ocrx_word' id='word_1_234' title='bbox 328 3105 352 3154; x_wconf 88' lang='grc'><strong><em>6.</em></strong></span> <span class='ocrx_word' id='word_1_235' title='bbox 372 3095 405 3152; x_wconf 71' lang='grc' dir='ltr'><strong><em>δὲ</em></strong></span> <span class='ocrx_word' id='word_1_236' title='bbox 424 3092 455 3187; x_wconf 76' lang='grc' dir='ltr'><strong><em>ἡ]</em></strong></span> <span class='ocrx_word' id='word_1_237' title='bbox 475 3096 508 3154; x_wconf 77' lang='grc' dir='ltr'><strong><em>δέ</em></strong></span> <span class='ocrx_word' id='word_1_238' title='bbox 526 3100 554 3155; x_wconf 89' lang='lat' dir='ltr'><strong><em>b.</em></strong></span> <span class='ocrx_word' id='word_1_239' title='bbox 629 3104 652 3153; x_wconf 80' lang='lat'><strong><em>⁷.</em></strong></span> <span class='ocrx_word' id='word_1_240' title='bbox 673 3092 742 3167; x_wconf 87' lang='grc' dir='ltr'><strong><em>ὅπερ</em></strong></span> <span class='ocrx_word' id='word_1_241' title='bbox 763 3097 824 3155; x_wconf 75' lang='grc' dir='ltr'><strong><em>ἔδει</em></strong></span> <span class='ocrx_word' id='word_1_242' title='bbox 843 3099 949 3171; x_wconf 79' lang='grc' dir='ltr'><strong><em>δεῖξαι]</em></strong></span> <span class='ocrx_word' id='word_1_243' title='bbox 974 3115 1028 3154; x_wconf 90' lang='lat' dir='ltr'><strong><em>om.</em></strong></span> <span class='ocrx_word' id='word_1_244' title='bbox 1049 3100 1164 3168; x_wconf 66' lang='lat' dir='ltr'>Bw),</span> 
     </span>
     <span class='ocr_line' id='line_1_29' title="bbox 145 3168 1166 3295; baseline 0 -70"><span class='ocrx_word' id='word_1_245' title='bbox 145 3186 235 3238; x_wconf 75' lang='lat' dir='ltr'><strong>comp.</strong></span> <span class='ocrx_word' id='word_1_246' title='bbox 255 3168 285 3224; x_wconf 90' lang='lat' dir='ltr'><strong><em>P.</em></strong></span> <span class='ocrx_word' id='word_1_247' title='bbox 359 3175 384 3223; x_wconf 92' lang='lat'><strong><em>8.</em></strong></span> <span class='ocrx_word' id='word_1_248' title='bbox 404 3172 443 3224; x_wconf 82' lang='grc' dir='ltr'><strong><em>οθ</em></strong></span> <span class='ocrx_word' id='word_1_249' title='bbox 474 3169 505 3223; x_wconf 77' lang='grc' dir='ltr'><strong><em>Β.</em></strong></span> <span class='ocrx_word' id='word_1_250' title='bbox 580 3175 621 3225; x_wconf 90' lang='lat'><strong><em>10.</em></strong></span> <span class='ocrx_word' id='word_1_251' title='bbox 641 3168 686 3241; x_wconf 79' lang='grc' dir='ltr'><strong><em>δέ]</em></strong></span> <span class='ocrx_word' id='word_1_252' title='bbox 708 3185 762 3227; x_wconf 88' lang='lat' dir='ltr'><strong><em>om.</em></strong></span> <span class='ocrx_word' id='word_1_253' title='bbox 782 3170 812 3224; x_wconf 91' lang='lat' dir='ltr'><strong><em>P.</em></strong></span> <span class='ocrx_word' id='word_1_254' title='bbox 887 3176 929 3226; x_wconf 92' lang='lat'><strong><em>11.</em></strong></span> <span class='ocrx_word' id='word_1_255' title='bbox 949 3169 994 3295; x_wconf 58' lang='grc' dir='ltr'><strong><em>νή]</em></strong></span> <span class='ocrx_word' id='word_1_256' title='bbox 1013 3169 1117 3227; x_wconf 74' lang='lat' dir='ltr'><strong>iuras.</strong></span> <span class='ocrx_word' id='word_1_257' title='bbox 1131 3171 1166 3241; x_wconf 87' lang='lat' dir='ltr'><strong><em>V,</em></strong></span> 
     </span>
     <span class='ocr_line' id='line_1_30' title="bbox 146 3233 1164 3312; baseline 0.003 -17"><span class='ocrx_word' id='word_1_258' title='bbox 146 3238 199 3309; x_wconf 80' lang='grc' dir='ltr'><strong><em>μέν</em></strong></span> <span class='ocrx_word' id='word_1_259' title='bbox 217 3239 300 3296; x_wconf 81' lang='lat' dir='ltr'><strong>BFb.</strong></span> <span class='ocrx_word' id='word_1_260' title='bbox 373 3233 440 3312; x_wconf 80' lang='grc' dir='ltr'><strong><em>ἄπ’]</em></strong></span> <span class='ocrx_word' id='word_1_261' title='bbox 460 3237 518 3295; x_wconf 83' lang='grc' dir='ltr'><strong><em>άπὸ</em></strong></span> <span class='ocrx_word' id='word_1_262' title='bbox 538 3241 594 3294; x_wconf 82' lang='grc' dir='ltr'><strong><em>τῶν</em></strong></span> <span class='ocrx_word' id='word_1_263' title='bbox 612 3240 646 3296; x_wconf 82' lang='lat' dir='ltr'><strong><em>V.</em></strong></span> <span class='ocrx_word' id='word_1_264' title='bbox 721 3247 762 3296; x_wconf 81' lang='lat'><strong><em>12.</em></strong></span> <span class='ocrx_word' id='word_1_265' title='bbox 783 3240 827 3312; x_wconf 87' lang='grc' dir='ltr'><strong><em>τε]</em></strong></span> <span class='ocrx_word' id='word_1_266' title='bbox 846 3239 876 3295; x_wconf 90' lang='lat' dir='ltr'><strong><em>in</em></strong></span> <span class='ocrx_word' id='word_1_267' title='bbox 894 3259 948 3298; x_wconf 75' lang='lat' dir='ltr'><strong><em>ras.</em></strong></span> <span class='ocrx_word' id='word_1_268' title='bbox 1001 3239 1061 3309; x_wconf 76' lang='grc' dir='ltr'><strong><em>,δέ</em></strong></span> <span class='ocrx_word' id='word_1_269' title='bbox 1080 3241 1164 3298; x_wconf 75' lang='grc' dir='ltr'><strong><em>ΒΒὶ).</em></strong></span> 
     </span>
     <span class='ocr_line' id='line_1_31' title="bbox 182 3307 1165 3386; baseline 0.006 -22"><span class='ocrx_word' id='word_1_270' title='bbox 182 3316 223 3366; x_wconf 87' lang='grc'><strong><em>13.</em></strong></span> <span class='ocrx_word' id='word_1_271' title='bbox 244 3311 294 3366; x_wconf 77' lang='grc' dir='ltr'><strong><em>καί</em></strong></span> <span class='ocrx_word' id='word_1_272' title='bbox 313 3308 367 3381; x_wconf 79' lang='grc' dir='ltr'><strong><em>ἔτι]</em></strong></span> <span class='ocrx_word' id='word_1_273' title='bbox 388 3307 429 3364; x_wconf 78' lang='grc' dir='ltr'><strong><em>ἔτι</em></strong></span> <span class='ocrx_word' id='word_1_274' title='bbox 447 3330 476 3366; x_wconf 90' lang='grc' dir='ltr'><strong><em>τε</em></strong></span> <span class='ocrx_word' id='word_1_275' title='bbox 497 3312 595 3367; x_wconf 74' lang='lat' dir='ltr'><strong>Theon</strong></span> <span class='ocrx_word' id='word_1_276' title='bbox 617 3310 752 3383; x_wconf 80' lang='lat' dir='ltr'><strong>(BFVb).</strong></span> <span class='ocrx_word' id='word_1_277' title='bbox 828 3319 869 3367; x_wconf 82' lang='lat'><strong><em>14.</em></strong></span> <span class='ocrx_word' id='word_1_278' title='bbox 888 3308 919 3386; x_wconf 82' lang='grc' dir='ltr'><strong><em>ἡ]</em></strong></span> <span class='ocrx_word' id='word_1_279' title='bbox 938 3312 1010 3383; x_wconf 81' lang='grc' dir='ltr'><strong><em>λέγω</em></strong></span> <span class='ocrx_word' id='word_1_280' title='bbox 1030 3307 1074 3368; x_wconf 85' lang='grc' dir='ltr'><strong><em>ὅτι</em></strong></span> <span class='ocrx_word' id='word_1_281' title='bbox 1093 3310 1111 3384; x_wconf 82' lang='grc' dir='ltr'><strong><em>ή</em></strong></span> <span class='ocrx_word' id='word_1_282' title='bbox 1131 3314 1165 3371; x_wconf 87' lang='lat' dir='ltr'><strong><em>V.</em></strong></span> 
     </span>
     <span class='ocr_line' id='line_1_32' title="bbox 182 3378 1167 3455; baseline 0.003 -17"><span class='ocrx_word' id='word_1_283' title='bbox 182 3378 240 3438; x_wconf 75' lang='grc' dir='ltr'><strong><em>ἐστι</em></strong></span> <span class='ocrx_word' id='word_1_284' title='bbox 259 3381 327 3449; x_wconf 86' lang='lat' dir='ltr'><strong><em>BV,</em></strong></span> <span class='ocrx_word' id='word_1_285' title='bbox 346 3398 437 3451; x_wconf 84' lang='lat' dir='ltr'><strong>comp.</strong></span> <span class='ocrx_word' id='word_1_286' title='bbox 457 3382 511 3440; x_wconf 80' lang='lat' dir='ltr'><strong><em>Fb.</em></strong></span> <span class='ocrx_word' id='word_1_287' title='bbox 585 3379 677 3454; x_wconf 84' lang='grc' dir='ltr'><strong>15.ή]</strong></span> <span class='ocrx_word' id='word_1_288' title='bbox 703 3399 757 3440; x_wconf 89' lang='lat' dir='ltr'><strong><em>om.</em></strong></span> <span class='ocrx_word' id='word_1_289' title='bbox 777 3383 862 3442; x_wconf 85' lang='lat' dir='ltr'><strong>FVb.</strong></span> <span class='ocrx_word' id='word_1_290' title='bbox 937 3390 978 3439; x_wconf 81' lang='lat'><strong><em>17.</em></strong></span> <span class='ocrx_word' id='word_1_291' title='bbox 998 3381 1034 3440; x_wconf 78' lang='grc' dir='ltr'><strong><em>τά</em></strong></span> <span class='ocrx_word' id='word_1_292' title='bbox 1053 3386 1167 3455; x_wconf 84' lang='grc' dir='ltr'><strong><em>προκεί-</em></strong></span> 
     </span>
     <span class='ocr_line' id='line_1_33' title="bbox 146 3448 1167 3538; baseline 0.003 -29"><span class='ocrx_word' id='word_1_293' title='bbox 146 3455 229 3526; x_wconf 85' lang='grc' dir='ltr'><strong><em>μενα]</em></strong></span> <span class='ocrx_word' id='word_1_294' title='bbox 249 3451 281 3509; x_wconf 86' lang='grc' dir='ltr'><strong><em>τὸ</em></strong></span> <span class='ocrx_word' id='word_1_295' title='bbox 301 3451 353 3524; x_wconf 70' lang='grc' dir='ltr'><strong><em>μὲν</em></strong></span> <span class='ocrx_word' id='word_1_296' title='bbox 373 3455 556 3538; x_wconf 77' lang='grc' dir='ltr'><strong><em>συγκείμενον</em></strong></span> <span class='ocrx_word' id='word_1_297' title='bbox 576 3448 678 3508; x_wconf 75' lang='grc' dir='ltr'><strong><em>ἐκτῶν</em></strong></span> <span class='ocrx_word' id='word_1_298' title='bbox 693 3449 750 3509; x_wconf 81' lang='grc' dir='ltr'><strong><em>άπὸ</em></strong></span> <span class='ocrx_word' id='word_1_299' title='bbox 765 3455 821 3509; x_wconf 81' lang='grc' dir='ltr'><strong><em>τῶν</em></strong></span> <span class='ocrx_word' id='word_1_300' title='bbox 836 3460 966 3525; x_wconf 64' lang='lat' dir='ltr'><strong><em>Amr</em></strong></span> <span class='ocrx_word' id='word_1_301' title='bbox 982 3453 1167 3526; x_wconf 76' lang='grc' dir='ltr'><strong><em>τετραγώνων</em></strong></span> 
     </span>
     <span class='ocr_line' id='line_1_34' title="bbox 146 3522 1165 3599; baseline 0.003 -19"><span class='ocrx_word' id='word_1_302' title='bbox 146 3523 241 3596; x_wconf 82' lang='grc' dir='ltr'><strong><em>μέσον,</em></strong></span> <span class='ocrx_word' id='word_1_303' title='bbox 260 3522 292 3581; x_wconf 89' lang='grc' dir='ltr'><strong><em>τὸ</em></strong></span> <span class='ocrx_word' id='word_1_304' title='bbox 312 3522 345 3580; x_wconf 72' lang='grc' dir='ltr'><strong><em>δὲ</em></strong></span> <span class='ocrx_word' id='word_1_305' title='bbox 365 3523 408 3588; x_wconf 77' lang='grc' dir='ltr'><strong><em>θὶς</em></strong></span> <span class='ocrx_word' id='word_1_306' title='bbox 427 3523 482 3579; x_wconf 80' lang='grc' dir='ltr'><strong><em>ὑπο</em></strong></span> <span class='ocrx_word' id='word_1_307' title='bbox 502 3525 559 3579; x_wconf 83' lang='grc' dir='ltr'><strong><em>τῶν</em></strong></span> <span class='ocrx_word' id='word_1_308' title='bbox 573 3529 631 3594; x_wconf 86' lang='grc' dir='ltr'><strong><em>ΑΒ,</em></strong></span> <span class='ocrx_word' id='word_1_309' title='bbox 646 3529 702 3580; x_wconf 88' lang='grc' dir='ltr'><strong><em>ΒΓ</em></strong></span> <span class='ocrx_word' id='word_1_310' title='bbox 718 3522 803 3595; x_wconf 80' lang='grc' dir='ltr'><strong><em>μέσον</em></strong></span> <span class='ocrx_word' id='word_1_311' title='bbox 824 3525 865 3581; x_wconf 78' lang='grc' dir='ltr'><strong><em>ἔτι</em></strong></span> <span class='ocrx_word' id='word_1_312' title='bbox 878 3547 909 3583; x_wconf 87' lang='grc' dir='ltr'><strong><em>τε</em></strong></span> <span class='ocrx_word' id='word_1_313' title='bbox 925 3530 990 3599; x_wconf 86' lang='lat' dir='ltr'><strong>(om.</strong></span> <span class='ocrx_word' id='word_1_314' title='bbox 1001 3527 1036 3596; x_wconf 89' lang='lat' dir='ltr'><strong><em>V,</em></strong></span> <span class='ocrx_word' id='word_1_315' title='bbox 1051 3535 1117 3583; x_wconf 80' lang='lat' dir='ltr'><strong><em>m.2</em></strong></span> <span class='ocrx_word' id='word_1_316' title='bbox 1132 3530 1165 3599; x_wconf 76' lang='lat' dir='ltr'><strong><em>F)</em></strong></span> 
     </span>
    </p>
   </div>
   <div class='ocr_carea' id='block_1_4' title="bbox 0 0 1248 3908">
    <p class='ocr_par' dir='ltr' id='par_1_7' title="bbox 0 0 1248 3908">
     <span class='ocr_line' id='line_1_35' title="bbox 0 0 1248 3908; baseline 0 0"><span class='ocrx_word' id='word_1_317' title='bbox 0 0 1248 3908; x_wconf 95' lang='lat' dir='ltr'><strong><em> </em></strong></span> 
     </span>
    </p>
   </div>
  </div>
 </body>
</html>
