2474 3908
147 158 213 222 264
534 159 736 211 Στοιεωιετι
754 154 781 212 ι’.

149 298 187 367 δὲ
210 296 228 366 ὁ
251 304 320 368 ΒΓ
336 295 420 385 πρὸς
442 297 504 366 τὸν
522 305 600 384 ΓΛ,
630 297 736 379 οὕτως
758 297 796 367 τὸ
821 296 887 367 ἀπὸ
910 309 970 386 τής
992 304 1064 365 ΖΗ
1082 298 1169 386 πρὸς

147 403 186 474 τὸ
210 402 275 472 ἀπὸ
298 409 357 492 τής
374 412 455 490 ΘΗ,
478 401 523 472 δι’
541 414 619 473 ἴσον
641 403 708 492 ἄρα
731 406 822 474 ἐστὶν
846 403 892 485 ὥς
911 403 929 474 ὁ
949 413 981 472 Ε
1001 403 1087 493 πρὸς
1105 404 1170 474 τὸν

148 517 226 597 ΓΔ,
257 508 363 591 οὕτως
385 509 422 578 τὸ
446 507 511 579 ἀπὸ
534 515 593 597 τής
615 521 647 579 A
673 510 757 597 πρὸς
782 510 821 579 τὸ
850 509 915 579 ἀπὸ
943 515 1001 597 τής
1024 518 1102 578 ΘΗ.
1148 508 1168 579 ὁ

149 617 187 686 δὲ
210 624 242 685 Ε
266 614 349 704 πρὸς
376 616 437 685 τὸν
460 623 529 684 ΓΛ
555 617 659 703 λόγον
688 615 750 686 οὐκ
778 623 860 705 ἔχει,
890 614 931 686 ὃν
958 617 1169 706 τετράγωνος

113 749 129 798 5
148 720 295 810 ἀριθμὸς
318 723 402 808 πρὸς
423 724 636 811 τετράγωνον
659 722 821 813 ἀριθμόν·
853 721 927 792 οὐδ’
949 722 1015 811 ἄρα
1038 721 1077 791 τὸ
1101 721 1171 792 ἀπὸ

148 834 207 916 τής
221 840 253 897 Α
271 828 356 917 πρὸς
372 827 410 898 τὸ
430 827 494 898 ἀπὸ
514 834 572 917 τῆς
587 837 656 898 ΗΘ
674 830 779 916 λόγον
797 836 874 919 ἔχει,
899 827 940 898 ὃν
958 829 1170 915 τετράγωνος

149 933 295 1024 ἀριθμὸς
317 931 401 1023 πρὸς
422 936 634 1024 τετράγωνον
662 933 826 1024 ἀριθμόν·
863 933 1072 1022 ἀσύμμετρος
1101 936 1169 1025 ἄρα

149 1040 170 1129 ή
190 1052 222 1110 A
244 1048 285 1132 τή
304 1050 374 1110 ΗΘ
397 1042 502 1129 μήκει.
531 1040 690 1130 οὐδετέρα
714 1042 779 1132 ἄρα
801 1045 871 1110 τῶν
895 1049 972 1127 ΖΗ,
992 1050 1060 1110 ΗΘ
1085 1044 1170 1132 σύμ-

150 1149 268 1235 μετρός
296 1152 364 1218 ἐστι
392 1153 432 1236 τή
457 1150 627 1238 ἐκκειμένῃ
656 1151 738 1238 ῥητή
762 1159 802 1238 τῇ
828 1157 860 1216 Α
886 1147 991 1236 μήκει.
1046 1141 1073 1241 ᾦ
1102 1142 1169 1219 οὖν

98 1279 131 1329 10
150 1256 263 1343 μεῖζόν
287 1252 416 1324 ἔστιτὸ
440 1252 505 1324 ἀπὸ
528 1258 587 1341 τής
610 1262 682 1323 ΖΗ
703 1259 764 1325 τοῦ
792 1252 857 1323 ἀπὸ
886 1259 944 1341 τής
966 1261 1049 1340 ΗΘ,
1083 1260 1169 1324 ἔστω

149 1360 187 1429 τὸ
211 1359 275 1429 ἀπὸ
295 1365 355 1448 τῆς
373 1367 415 1429 K.
452 1361 521 1428 ἐπεὶ
541 1353 605 1428 οὖν
624 1363 714 1428 ἐστιν
733 1358 778 1440 ὡς
797 1358 897 1429 ὁΒΓ
914 1359 997 1447 πρὸς
1015 1361 1074 1429 τὸν
1091 1367 1167 1447 ΓΔ,

151 1465 258 1545 οὕτως
275 1465 312 1534 τὸ
332 1465 397 1534 ἀπὸ
416 1471 475 1553 τής
493 1473 565 1534 ΖΗ
584 1465 668 1552 πρὸς
690 1466 728 1535 τὸ
748 1465 814 1535 ἄτιὸ
833 1470 891 1554 τής
908 1474 987 1553 ΗΘ,
1012 1466 1169 1554 ἀναστρέ-

151 1586 251 1653 ψαντι
276 1571 342 1661 ἄρα
365 1572 457 1640 ἐστὶν
481 1569 526 1650 ὡς
555 1569 573 1639 ὁ
598 1579 663 1640 ΒΓ
685 1572 769 1660 πρὸς
795 1572 856 1641 τὸν
880 1581 962 1658 ΒΔ,
995 1572 1102 1654 οὕτως
1130 1574 1171 1642 τὸ

151 1676 217 1747 ἀπὸ
244 1683 304 1765 τῆς
328 1685 399 1746 ΖΗ
416 1677 629 1764 τετράγωνον
651 1678 736 1766 πρὸς
762 1678 800 1748 τὸ
830 1676 895 1748 ἀπὸ
918 1683 977 1766 τής
999 1687 1040 1748 Κ.
1087 1677 1105 1749 ὁ
1132 1680 1172 1749 δὲ

98 1809 131 1858 16
151 1789 218 1852 ΒΓ
235 1783 320 1872 πρὸς
336 1783 396 1852 τὸν
415 1792 444 1852 Β
451 1793 484 1852 Δ
508 1782 612 1870 λόγον
631 1789 708 1872 ἔχει,
732 1782 774 1854 ὃν
796 1785 1005 1875 τετράγωνος
1022 1783 1173 1874 ἀριθμὸς

150 1889 233 1979 πρὸς
255 1890 466 1980 τετράγωνον
494 1889 656 1979 ἀριθμόν·
693 1891 747 1958 καὶ
771 1890 810 1959 τὸ
832 1888 897 1959 ἀπὸ
921 1896 980 1979 τής
1002 1899 1077 1959 ΖΗ
1101 1892 1171 1980 ἄρα

151 1995 234 2085 πρὸς
252 1995 289 2064 τὸ
308 1994 372 2064 ἀπὸ
392 1999 452 2082 τής
470 2002 506 2062 K
520 1995 626 2082 λόγον
645 2001 721 2083 ἔχει,
741 1993 782 2064 ὃν
800 1997 1009 2083 τετράγωνος
1022 1996 1174 2086 ἀριθμὸς

151 2108 234 2193 πρὸς
251 2101 464 2189 τετράγωνον
482 2098 642 2189 ἀριθμόν.
669 2100 855 2190 σύμμετρός
869 2102 934 2191 ἄρα
950 2105 1041 2172 ἐστὶν
1060 2103 1080 2191 ή
1102 2113 1176 2173 ΖΗ

150 2213 190 2299 τή
214 2216 250 2276 K
273 2210 384 2297 μήκει,
416 2208 473 2275 καὶ
504 2209 644 2276 δύναται
668 2205 688 2295 ή
715 2215 787 2276 ΖΗ
810 2214 870 2296 τής
892 2214 961 2278 ΗΘ
984 2217 1099 2297 μεῖζον
1123 2223 1172 2305 τῷ

99 2341 133 2390 20
152 2314 218 2383 ἆιιό
249 2315 438 2403 συμμέτρου
467 2314 577 2402 ἑαντή.
622 2315 677 2381 καὶ
708 2311 868 2404 οὐδετέρα
894 2321 964 2386 τῶν
995 2324 1076 2402 ΖΗ,
1099 2325 1174 2386 ΗΘ

152 2419 339 2509 σύμμετρός
362 2424 432 2488 ἐστι
454 2423 494 2508 σή
520 2421 690 2509 ἐκκειμένῃ
715 2422 798 2509 ῥητή
821 2425 861 2509 τή
882 2431 914 2488 A
932 2421 1040 2510 μήκει·
1067 2424 1088 2511 ἡ
1110 2432 1177 2493 ΖΘ

152 2525 218 2613 ἄρα
241 2524 393 2612 ἀποτομή
417 2529 487 2594 ἐστι
504 2532 607 2613 τρίτη.

219 2629 369 2720 Εὕρηται
398 2629 507 2721 ἄραή
536 2638 629 2720 τρίτη
658 2629 808 2720 ἀποτομή
837 2631 858 2719 ή
888 2641 961 2702 ΖΘ·
994 2633 1074 2724 ὅπερ
1104 2641 1176 2706 ἔδει

153 2741 267 2821 δεῖξαι.

629 2878 698 2965 κη’.

99 2923 135 2973 2⁶
221 3003 370 3094 Εὑρεῖν
392 3001 463 3090 τήν
485 3003 681 3091 τετάρτην
705 3001 920 3092 ἀποτομήν.

217 3111 399 3180 Ἐκκείσθω
428 3109 511 3199 ῥητή
540 3108 560 3197 ή
589 3121 622 3178 A
648 3111 705 3178 καὶ
731 3115 771 3200 τῇ
795 3121 827 3179 A
854 3110 952 3198 μήκει
983 3112 1180 3204 σύμμετρος

154 3216 174 3306 ή
199 3225 279 3285 ΒΗ·
318 3216 400 3303 ῥητή
429 3216 496 3304 ἄρα
524 3218 593 3286 ἐστὶ
615 3218 671 3284 καὶ
694 3214 714 3304 ή
739 3224 817 3287 ΒΗ.
862 3218 918 3285 καὶ
942 3219 1179 3291 ἐκκείσθωσαν

153 3363 367 3373 ----

228 3436 251 3484 1.
288 3426 320 3484 όν
355 3446 409 3486 om.
429 3429 460 3485 P.
514 3423 590 3483 οὕτω
604 3428 636 3485 Β.
697 3436 721 3484 3.
743 3430 818 3501 ΘΗ]
838 3447 909 3486 corr.
924 3448 958 3486 ex
978 3434 1036 3487 ΗΘ
1056 3431 1090 3486 V.
1147 3440 1174 3488 4.

155 3499 205 3557 τὸν
226 3507 252 3556 Γ
319 3517 389 3556 corr.
409 3518 443 3556 ex
463 3500 628 3558 rmF.
693 3506 718 3556 9.
739 3495 815 3556 ἐστιν
833 3501 867 3558 V.
932 3509 972 3557 11.
993 3503 1064 3574 ΒΓ]
1085 3510 1178 3559 ram
