2474 3908
151 170 217 236 312
539 169 739 223 mommsm
758 165 785 222 ι’.

152 311 257 399 λογόν
281 314 350 381 ἐστι
374 310 411 380 τὸ
434 309 500 379 ὑπὸ
524 322 591 379 τῶν
614 317 701 397 AH,
724 316 809 396 ΗΒ,
832 317 891 378 καί
914 313 1004 379 ἐστιν
1030 319 1110 379 ἴσον
1134 312 1173 382 τὸ

152 420 214 507 μὲν
239 417 304 486 ἀπὸ
328 422 386 505 τῆς
410 425 485 486 ΑΗ
508 417 553 511 τῷ
577 424 652 504 ΓΘ,
679 419 717 485 τὸ
743 416 780 486 δέ
808 413 873 486 ὑπὸ
901 420 970 487 τῶν
993 427 1078 503 ΑΗ,
1102 425 1174 500 ΗΒ

151 531 197 618 τῷ
220 532 306 611 ΝΛ,
339 524 376 593 τὸ
407 524 444 592 δέ
472 522 537 592 τἰπὸ
565 528 623 612 της
645 531 719 592 ΒΗ
741 528 787 617 τῷ
811 531 896 610 ΚΛ,
926 526 1077 595 καὶτῶν
1098 535 1174 613 ΓΘ,

151 638 220 699 ΚΛ
243 631 309 719 ἄρα
332 631 436 718 μέσον
460 630 632 718 ἀνάλογόν
656 634 724 699 ἐστι
748 630 785 699 τό
810 638 893 698 ΝΛ·
917 636 1009 699 ἔστιν
1033 631 1102 722 όὶρα
1126 633 1175 717 ὡς

117 738 190 809 οτὸ
218 744 279 806 ΓΘ
310 736 393 825 πρὸς
421 737 457 806 τὸ
486 745 572 824 ΝΛ,
606 735 712 818 οὕτως
741 736 779 805 τὸ
808 744 880 805 NA
911 741 995 825 πρὸς
1022 737 1061 807 τό
1091 747 1174 810 KA.

151 842 225 913 ἄλλ’
248 843 293 924 ὡς
315 845 376 931 μέν
399 843 437 912 τὸ
458 850 520 912 ΓΘ
543 843 625 933 πρὸς
647 843 685 912 τὸ
710 849 792 928 ΝΛ,
817 841 923 924 οὕτως
947 844 1038 913 ἐστὶν
1061 843 1084 932 ἡ
1105 853 1176 916 ΓΚ

151 949 234 1040 πρὸς
260 951 322 1038 την
346 957 439 1037 ΝΜ,
472 949 519 1030 ὥς
547 949 584 1018 δέ
613 948 650 1018 τὸ
674 956 745 1017 NA
772 952 857 1036 πρὸς
883 948 920 1017 τὸ
947 955 1028 1038 ΚΛ,
1063 950 1176 1034 οὕτως

151 1058 243 1127 ἐστὶν
268 1056 287 1145 η
313 1065 397 1126 ΝΜ
414 1057 497 1146 πρὸς
520 1060 581 1143 τὴν
602 1061 688 1124 ΜΚ·
718 1053 762 1136 ὡς
785 1055 852 1145 ἄρα
874 1053 895 1143 ἡ
916 1062 983 1124 ΓΚ
1004 1057 1091 1144 πρὸς
1109 1063 1174 1147 τὴν

152 1172 243 1252 ΝΜ,
268 1163 374 1246 οὕτως
397 1164 488 1233 ἐστὶν
511 1162 532 1251 ἡ
551 1171 636 1232 ΝΜ
652 1162 738 1251 πρὸς
760 1161 823 1250 τὴν
840 1170 930 1230 ΚΜ·
954 1161 991 1231 τὸ
1017 1161 1085 1252 όίρα
1103 1161 1174 1234 ὑπὸ

100 1291 133 1341 10
153 1276 221 1339 τῶν
245 1277 326 1357 ΓΚ,
349 1277 432 1339 ΚΜ
450 1278 526 1339 ἴσον
550 1270 618 1338 ἐστὶ
645 1274 689 1360 τῷ
717 1266 783 1337 ἀπὸ
812 1273 870 1357 τῆς
892 1276 987 1354 ΝΜ,
1019 1272 1174 1340 τουτέστι

153 1389 199 1470 τῷ
222 1376 368 1466 τετάρτῳ
398 1377 489 1464 μέρει
517 1380 579 1444 τοῦ
606 1374 671 1443 ἀπὸ
699 1379 758 1461 τῆς
786 1382 865 1443 ΖΜ
892 1376 961 1459 [καλ
989 1377 1060 1444 ἐπεὶ
1089 1380 1174 1465 σόμ-

153 1481 275 1569 μετρόν
299 1485 368 1550 ἐστι
391 1481 430 1551 τὸ
454 1479 518 1549 ἀπὸ
537 1486 595 1568 της
617 1488 690 1549 ΑΗ
711 1484 756 1570 τῷ
781 1477 845 1549 ἀπὸ
869 1485 927 1567 της
945 1488 1022 1567 ΒΗ,
1046 1483 1173 1572 σύμμε-

152 1587 234 1674 τρόν
254 1590 323 1655 ἐστι
340 1587 396 1655 καὶ
414 1585 452 1655 τὸ
473 1593 534 1655 ΓΘ
552 1590 597 1678 τῷ
613 1591 693 1670 ΚΛ,
711 1586 883 1654 τουτέστιν
898 1583 919 1672 ἡ
934 1592 1001 1654 ΓΚ
1011 1592 1052 1676 τῇ
1067 1597 1173 1676 ΚΜ].

153 1693 224 1762 ἐπεὶ
247 1684 311 1761 οὖν
334 1692 397 1762 όόο
426 1690 558 1761 εὐθεῖαι
581 1690 698 1760 ἄνισοί
718 1697 804 1760 εἰσιν
828 1695 866 1760 αλ
887 1698 973 1777 ΓΜ,
996 1701 1087 1782 ΜΖ,
1114 1698 1173 1766 καὶ

103 1823 135 1872 15
154 1804 199 1888 τῷ
224 1797 368 1891 τετάρτῳ
396 1802 488 1888 μέρει
516 1810 577 1867 τοῦ
605 1796 670 1867 ἀπὸ
697 1803 756 1886 της
782 1806 855 1868 ΜΖ
884 1807 960 1868 ἴσον
987 1800 1079 1887 παρὰ
1106 1804 1172 1890 τὴν

155 1911 288 1992 μείζονα
311 1903 372 1994 τὴν
396 1912 473 1974 ΓΜ
495 1907 745 1993 παραβέβληται
772 1906 925 1973 ἐλλεῖπον
953 1909 1037 1975 εἴδει
1061 1935 1173 1997 τετρα-

152 2014 250 2104 γώνῳ
274 2011 312 2082 τὸ
335 2011 401 2082 ὑπὸ
425 2017 492 2082 τῶν
517 2018 594 2098 ΓΚ,
619 2019 702 2080 ΚΜ
718 2012 774 2079 καὶ
798 2015 846 2091 εἰς
868 2010 1040 2101 σύμμετρα
1064 2014 1174 2104 αὐτην

154 2123 295 2205 διαιρεῖ,
323 2118 344 2205 ἡ
368 2117 433 2205 ἄρα
456 2125 534 2187 ΓΜ
556 2121 615 2204 τῆς
637 2124 709 2185 ΜΖ
733 2123 844 2204 μεῖζον
868 2119 1011 2188 δύναται
1032 2125 1079 2211 τῷ
1104 2120 1173 2193 ἀπὸ

152 2227 345 2314 συμμέτρου
368 2227 469 2314 έαυτῇ
497 2224 603 2312 μήκει.
647 2229 707 2292 καί
731 2227 823 2292 ἐστιν
845 2222 866 2312 ἡ
890 2228 1174 2313 προσαρμόζουσα

99 2352 135 2404 20
154 2327 175 2417 ἡ
192 2339 277 2400 ΖΜ
295 2334 480 2419 σύμμετρος
503 2330 599 2418 μήκει
622 2334 662 2418 τῇ
687 2332 856 2419 ἐκκειμένῃ
880 2333 963 2420 ῥητῇ
986 2337 1025 2419 τη
1044 2340 1122 2400 ΓΔ·
1153 2334 1175 2423 ἡ

152 2435 218 2524 ἄρα
241 2444 302 2506 ΓΖ
325 2436 477 2524 ἀποτομή
500 2439 569 2504 ἐστι
593 2437 741 2520 δευτέρα.

223 2543 269 2611 Τὸ
293 2542 360 2631 ἄρα
383 2542 448 2611 ἀπὸ
475 2543 577 2629 μέσης
600 2540 770 2628 ἀποτομῆς
793 2541 925 2629 πραότης
947 2543 1037 2631 παρὰ
1064 2545 1175 2633 ῥητὴν

22 2691 24 2695 ν
152 2648 452 2735 παραβαλλόμενον
489 2648 612 2727 πλάτος
654 2662 745 2716 ποιεῖ
780 2646 953 2735 ἀποτομὴν
995 2653 1176 2739 δευτέραν·

153 2753 233 2845 ὅπερ
258 2759 326 2823 ἔδει
350 2757 463 2837 δεῖξαι.

97 2867 132 2917 ιε
628 2843 695 2912 ου’.

223 2949 272 3020 Τὸ
315 2949 391 3020 ἀπὸ
434 2952 555 3038 μέσης
593 2948 796 3037 ἀποτομῆς
838 2952 1026 3038 δευτέρας
1066 2957 1175 3042 παρὰ

153 3056 278 3145 ῥητὴν
296 3057 656 3146 παραβαλλόμενον
675 3056 820 3138 πλάτος
839 3071 948 3125 ποιεῖ
964 3055 1176 3148 ἀποτομὴν

152 3170 299 3250 τρίτην.

226 3313 249 3360 1.
270 3301 357 3377 ἐστιν]
379 3301 438 3361 έστι
456 3306 489 3361 V;
563 3304 637 3376 ἴσον]
657 3321 741 3392 ευμεν.
760 3322 811 3360 scr.
831 3323 866 3359 m.
888 3312 901 3360 1
923 3306 956 3361 V.
1025 3312 1050 3360 2.
1070 3308 1122 3378 τῷ]
1143 3309 1176 3363 in

152 3394 206 3433 ras.
226 3374 259 3431 V.
334 3382 358 3431 3.
378 3375 431 3450 τῷ]
449 3377 504 3431 τῶν
523 3378 591 3431 mut.
611 3376 641 3430 in
660 3395 691 3430 το
710 3394 747 3431 m.
768 3383 782 3430 1
802 3375 836 3431 V.
902 3373 948 3449 τό]
966 3378 1005 3450 τῷ
1023 3377 1054 3433 Ρ.
1119 3380 1174 3453 τῶ]

152 3446 184 3504 ιι
203 3448 265 3503 Pv.
326 3446 393 3519 τοι]
412 3448 450 3518 τε
470 3448 496 3503 b.
557 3452 582 3501 ι.
602 3442 633 3502 ιε
654 3449 723 3520 αλ]
744 3447 816 3518 (ιιι.)
835 3465 893 3518 mg.
911 3466 948 3505 m.
968 3453 984 3503 ο
1003 3447 1034 3504 υ.
1098 3434 1176 3519 προς

152 3516 185 3576 τό
203 3518 273 3593 ΚΛ]
290 3514 322 3574 τό
343 3523 401 3574 NA
420 3539 451 3588 φ.
479 3517 587 3575 Deinde
602 3518 743 3573 del.m.1=
764 3513 825 3573 ἀλλ’
846 3514 883 3582 ὡς
903 3516 955 3589 μέν
974 3515 1005 3574 τό
1026 3521 1081 3574 ΓΘ
1100 3517 1176 3592 πρός
