2474 3908
126 141 191 207 323
512 139 714 192 Σοοοοοιοο
733 133 760 193 ι’.

126 283 164 353 τὸ
190 282 242 364 δὶς
269 279 335 350 ὑπὸ
362 285 429 348 τῶν
452 287 540 365 ΑΗ,
564 286 633 348 ΗΒ
660 279 763 366 μέσον
786 279 842 346 καὶ
865 278 1086 368 ἀσύμμετρον
1111 307 1152 349 τοι

128 388 193 458 άπὸ
217 399 285 457 τοῦν
308 393 390 472 ΑΗ,
410 392 479 454 ΗΒ
502 389 547 476 τῷ
572 387 624 466 ἃλς
646 383 712 454 ὑπὸ
735 388 804 454 τῶν
826 392 909 472 ΑΗ,
928 393 1008 454 ΗΒ.
1043 409 1151 476 παρα-

128 494 309 582 βεβλήσθω
337 485 401 561 οὖν
428 491 517 582 παρὰ
546 491 607 579 τὴν
632 498 698 560 ΓΔ
726 495 772 584 τῷ
803 491 864 579 μὲν
892 490 958 561 άπὸ
985 495 1048 580 τῆς
1077 500 1156 561 ΑΗ

130 610 205 668 ἴσον
228 598 261 668 τί
290 606 351 667 ΓΘ
374 598 497 678 πλάτος
519 601 653 667 ποιοῦν
668 597 730 685 τὴν
753 604 834 685 ΓΚ,
861 609 907 691 τῷ
935 597 974 666 δὲ
1002 597 1071 667 άπὸ
1092 603 1152 686 τῆς

98 731 114 780 5
134 714 208 775 BH
226 705 264 775 τὸ
284 712 364 773 ΚΛ·
389 702 470 775 ὅλον
488 703 554 793 άρα
571 703 610 773 τὸ
624 711 684 773 ΓΛ
704 713 779 773 ἴσον
803 706 872 773 ἐστὶ
894 717 965 785 τοῖς
988 701 1056 773 άπὸ
1081 708 1152 773 τῶν

130 819 211 900 ΑΗ,
235 819 316 880 ΗΒ·
353 811 456 898 μέσον
483 810 551 901 άρα
575 812 672 897 [ἐστὶ]
700 812 757 878 καὶ
784 809 822 880 τὸ
850 817 923 879 ΓΛ.
968 809 1027 878 καὶ
1057 811 1150 897 παρὰ

131 921 236 1007 ῥητὴν
263 916 325 1005 τὴν
349 923 416 985 ΓΛ
445 915 639 1006 παράκειται
666 918 789 996 πλάτος
818 920 942 985 ποιοῦν
969 915 1034 1003 τὴν
1061 922 1153 990 ΓΜ·

131 1026 214 1112 ῥητη
238 1023 304 1109 άροι
328 1024 418 1093 ἐστὶν
440 1020 461 1110 ἡ
485 1028 562 1091 ΓΜ
580 1021 637 1089 κοιλ
658 1020 868 1109 ἀσύμμετρος
890 1025 930 1110 τῇ
953 1028 1017 1090 ΓΔ
1043 1019 1154 1109 μήκει.

132 1131 202 1199 ἐπεὶ
231 1122 294 1198 οὖν
322 1128 359 1197 τὸ
384 1134 447 1196 ΓΛ
475 1137 551 1196 ἴσον
579 1129 648 1197 ἐστὶ
675 1141 746 1208 τοῖς
773 1126 836 1196 άπὸ
864 1132 934 1196 τῶν
956 1135 1045 1214 ΑΗ,
1068 1135 1154 1214 ΗΒ,

80 1263 114 1312 10
133 1228 182 1305 ὧν
205 1236 243 1305 τὸ
266 1242 331 1304 ΓΕ
352 1245 428 1303 ἴσον
451 1238 496 1326 τῷ
519 1233 584 1303 άπὸ
608 1237 666 1322 τῆς
689 1241 771 1319 ΑΒ,
793 1234 915 1303 λοιπὸν
933 1233 999 1320 &ipa
1021 1238 1061 1304 τὸ
1087 1243 1154 1304 ΖΛ

135 1352 210 1412 ἴσον
235 1343 302 1411 ἐστὶ
327 1346 372 1433 τῷ
397 1342 449 1422 δὶς
471 1339 537 1409 ὑπὸ
556 1344 623 1409 τῶν
646 1348 727 1426 ΑΗ,
750 1348 827 1409 ΗΒ.
862 1346 922 1409 καί
942 1343 1012 1409 ἐστι
1034 1340 1074 1410 τὸ
1101 1343 1156 1422 δὶς

134 1447 200 1517 ὑπὸ
223 1460 291 1517 τῶν
310 1455 390 1534 ΑΗ,
405 1454 473 1515 ΗΒ
491 1449 608 1533 μέσον·
631 1447 687 1515 καὶ
705 1446 743 1516 τὸ
758 1455 823 1515 ΖΛ
841 1445 907 1536 ἄρα
925 1449 1031 1533 μέσον
1051 1450 1156 1518 ἐστίν.

133 1555 190 1621 καὶ
219 1578 308 1642 πάροι
337 1552 444 1641 ῥητὴν
470 1552 533 1639 τὴν
561 1561 628 1620 ΖΕ
652 1552 847 1639 παράκειται
874 1553 997 1634 πλάτος
1027 1559 1157 1624 ποιοῦν

135 1685 196 1747 την
221 1666 306 1727 ΖΜ·
342 1658 425 1748 ῥητὴ
449 1657 514 1744 άοοι
538 1660 628 1728 ἐστὶν
651 1657 672 1747 ἡ
697 1666 774 1727 ΖΜ
796 1660 852 1726 καὶ
879 1655 1090 1750 ἀσύμμετρος
1112 1666 1153 1752 τῇ

83 1791 116 1840 15
136 1772 199 1833 ΓΛ
221 1764 325 1853 μήκει.
361 1765 418 1833 καὶ
441 1765 510 1834 ἐπεὶ
533 1767 572 1834 τά
595 1763 661 1833 άπὸ
685 1769 753 1834 τῶν
772 1774 805 1833 Α
812 1772 853 1853 Η,
872 1773 940 1834 ΗΒ
959 1753 1157 1857 άσύμμὲτρά

137 1875 206 1941 ἐστι
229 1876 274 1963 τῷ
299 1872 351 1951 δὶς
372 1869 438 1940 ὑπὸ
457 1876 525 1940 τῶν
544 1878 625 1959 ΑΗ,
640 1878 719 1958 ΗΒ,
741 1877 802 1939 καί
821 1874 890 1940 ἐστι
912 1886 982 1953 τοῖς
1004 1873 1068 1959 μὲν
1088 1873 1156 1942 άπὸ

136 1988 204 2047 τῶν
228 1985 310 2064 ΑΗ,
330 1985 398 2046 ΗΒ
422 1987 498 2046 ἴσον
519 1978 557 2046 τὸ
577 1983 651 2063 ΓΛ,
679 1981 725 2069 τῷ
749 1977 787 2046 δὲ
815 1978 867 2058 δὶς
889 1976 954 2047 ὑπὸ
977 1989 1046 2047 τῶν
1071 1987 1157 2064 ΑΗ,

138 2092 208 2153 ΗΒ
231 2093 307 2153 ἴσον
330 2082 368 2152 τὸ
392 2091 471 2170 ΖΛ,
499 2081 712 2171 ἀσύμμετρον
739 2085 805 2173 άρα
833 2083 928 2169 [ἐστὶ]
957 2083 994 2154 τὸ
1018 2091 1081 2153 ΓΛ
1111 2089 1158 2177 τῷ

139 2199 213 2259 ΖΛ.
259 2189 304 2272 ὡς
327 2190 365 2259 δὲ
386 2188 424 2259 τὸ
448 2196 512 2258 ΓΛ
535 2187 618 2276 πρὸς
639 2189 677 2258 τὸ
698 2197 774 2276 ΖΛ,
798 2188 905 2271 οὕτως
927 2192 1017 2259 ἐστὶν
1037 2190 1059 2277 ἡ
1083 2198 1164 2259 ΓΜ

85 2322 121 2371 20
140 2297 224 2384 πρὸς
245 2295 308 2385 τὴν
332 2304 416 2364 ΜΖ·
445 2294 653 2384 άσάμμετοος
675 2294 742 2383 άοοι
766 2297 855 2365 ἐστὶν
878 2294 899 2384 ἡ
923 2303 996 2364 ΓΜ
1015 2299 1057 2387 τῇ
1084 2305 1161 2365 ΜΖ

140 2404 245 2492 μήκει.
285 2407 345 2471 καί
365 2407 451 2471 εἰσιν
474 2400 659 2492 ἀμφότεραι
682 2405 788 2490 ῥηταί.
824 2404 862 2469 αἱ
883 2409 966 2487 ΓΜ,
991 2410 1065 2470 ΜΖ
1088 2402 1159 2493 άροι

141 2513 241 2597 ῥηταί
270 2513 334 2578 εἰσι
367 2508 508 2596 δυνάμει
536 2508 643 2596 μόνον
671 2508 865 2597 σύμμετροι·
907 2505 1059 2595 άποτομὴ
1091 2508 1161 2599 ἄρα

141 2616 231 2684 ἐστὶν
254 2613 274 2701 ἡ
298 2621 368 2682 ΓΖ.

209 2723 305 2808 Λέγω
329 2719 383 2807 δή,
406 2719 458 2789 ὅτι
479 2721 535 2788 καὶ
559 2722 645 2807 ἕκτη.

88 2852 123 2901 ‘25
206 2825 295 2897 Ἐπεὶ
318 2829 382 2914 γάρ
405 2829 444 2896 τὸ
468 2833 533 2894 ΖΛ
556 2834 632 2895 ἴσον
656 2827 725 2896 ἐστὶ
752 2830 797 2918 τῷ
821 2826 873 2907 δὶς
896 2823 960 2894 ὑπὸ
985 2828 1052 2893 τῶν
1075 2833 1163 2913 ΛΗ,

144 2944 224 3023 ΗΒ,
247 2934 423 3023 τετμήσθω
447 2937 524 3022 δίχα
546 2931 567 3021 ἡ
588 2940 664 3000 ΖΜ
680 2931 763 3001 κατὰ
784 2931 821 3001 τὸ
841 2939 887 3018 Ν,
910 2933 966 3000 καὶ
983 2929 1080 3019 ἤχθω
1102 2935 1161 3000 διὰ

144 3048 205 3112 τοῦ
229 3051 268 3111 Ν
286 3045 325 3131 τῇ
350 3047 411 3109 ΓΔ
434 3041 644 3127 παράλληλος
663 3037 683 3126 ἡ
703 3042 781 3116 ΝΞ·
820 3038 977 3124 ἑκάτερον
1000 3036 1067 3127 άοα
1090 3043 1162 3108 τῶν

217 3210 241 3258 1.
261 3202 360 3273 μέσον]
380 3197 466 3270 ὀητόν
485 3201 514 3255 Γ.
570 3199 630 3271 καί]
649 3199 698 3253 κοιλ
713 3197 754 3253 ἔτι
772 3199 808 3268 V,
826 3196 868 3254 ἔτι
881 3197 914 3254 δέ
933 3197 1014 3252 ΒΓὶ).
1070 3192 1162 3267 άοάμ-

146 3292 233 3344 μετρα
247 3271 357 3327 BFVb.
426 3267 460 3325 τά
493 3267 525 3326 τό
544 3269 576 3324 Ρ.
645 3275 670 3327 5.
688 3271 758 3326 Ροελ
775 3274 831 3325 ΚΛ
850 3269 914 3325 add.
932 3263 1037 3329 πλάτος
1055 3270 1162 3323 ποιοῦν

145 3342 198 3413 τὴν
217 3347 284 3398 ΚΜ
299 3347 429 3469 m5.m.2
452 3271 482 3398 ά.
538 3347 561 3396 6.
583 3336 658 3412 ἐστί]
677 3357 732 3396 om,
747 3340 777 3395 P.
833 3345 858 3395 8.
879 3334 965 3412 ἐστίν]
985 3334 1112 3394 ἐστὶκαί
1129 3340 1162 3394 V.

185 3420 225 3470 10.
245 3415 307 3469 ἴσον
343 3413 388 3467 στί
404 3411 465 3479 Vq).
520 3412 571 3484 τῷ]
591 3409 623 3464 τό
643 3431 673 3479 φ.
735 3417 777 3467 11.
797 3407 867 3482 ἐστι]
888 3412 996 3480 γίνεται
1014 3407 1049 3465 V.
1106 3412 1150 3472 ἃλς

148 3504 217 3543 corr.
238 3503 272 3541 ex
290 3485 321 3539 δλ
337 3503 373 3539 m.
392 3488 408 3537 2
427 3480 459 3537 Ρ.
533 3489 574 3540 12.
595 3477 655 3537 ἐστί
671 3482 766 3552 PBV,
790 3499 879 3552 comp.
898 3482 953 3538 Pb.
1027 3485 1071 3537 16.
1090 3488 1150 3544 τοῖς
