2474 3908
388 208 665 262 normannorum
682 209 792 261 urana
809 208 843 260 x,
1058 203 1124 269 219

108 355 193 421 nalis
227 358 286 419 est.
342 354 392 418 sin
425 354 567 438 spatium
599 355 688 416 reeta
719 351 871 416 rationali
903 356 936 417 et
965 354 1056 416 recta
1087 372 1125 416 ex

106 462 232 544 duobus
251 461 437 526 nominibus
456 459 570 542 quinta
589 458 881 543 comprehenditur,
904 461 995 523 recta
1018 459 1124 542 spatio

109 568 254 652 aequalis
279 567 437 653 quadrata
459 568 550 631 reeta
575 565 683 649 spatio
706 565 861 630 rationali
885 569 917 630 et
940 565 1046 629 medio
1072 585 1125 629 ae-

108 674 213 758 qualis
233 674 390 758 quadrata
410 675 460 738 est
479 675 583 757 [prop.
603 670 735 753 LVIIH.
772 672 881 757 itaque
904 675 994 737 reeta
1017 671 1124 755 spatio

110 784 167 844 EI
189 780 333 865 aequalis
356 779 516 863 quadrata
538 782 628 843 reeta
652 777 758 864 spatio
781 779 936 844 rationali
964 781 997 842 et
1018 776 1124 842 medio

110 888 253 970 aequalis
281 887 438 972 quadrata
462 889 519 950 est.
566 892 671 971 quare
688 885 787 949 etiam
810 889 900 951 reeta
923 884 1031 969 spatio
1054 888 1125 948 ΑΔ

110 994 255 1078 aequalis
279 993 438 1078 quadrata
460 995 549 1056 reeta
577 992 684 1076 spatio
708 991 862 1056 rationali
886 995 919 1056 et
942 991 1049 1056 medio
1074 1011 1125 1055 ae·

110 1100 215 1182 qualis
239 1099 398 1184 quadrata
421 1102 479 1163 est.

175 1205 265 1290 Ergo
281 1205 396 1290 spatiis
415 1204 570 1270 rationali
590 1208 622 1268 et
638 1204 743 1270 medio
763 1205 952 1289 eompositis
972 1207 1126 1288 quattuor

108 1312 317 1377 irrationales
341 1312 504 1396 oriuntur,
532 1315 589 1377 aut
615 1315 706 1376 reeta
730 1333 768 1377 ex
791 1311 917 1376 duobus
939 1311 1126 1376 nominibus

109 1423 229 1483 auter
252 1419 376 1484 duabus
401 1419 515 1483 mediis
538 1418 644 1503 prima
668 1422 725 1484 aut
742 1418 847 1484 maior
870 1422 926 1483 aut
949 1417 1057 1501 spatio
1076 1438 1126 1481 ra-

109 1524 227 1590 tionali
251 1529 283 1590 et
306 1524 413 1591 medio
437 1524 582 1609 aequalis
606 1526 775 1612 quadtata3
800 1524 886 1610 quod
905 1508 976 1589 erat
994 1524 1125 1590 demon·

109 1633 287 1697 strandum.
465 1632 469 1640 '

554 1719 684 1785 LXXII.

176 1842 312 1908 Duobus
331 1844 445 1908 mediis
465 1844 529 1908 sibi
541 1845 921 1911 incommensurabilibus
936 1845 1126 1930 compositis

111 1949 255 2034 reliquae
269 1949 351 2013 duae
365 1949 573 2016 irrationales
588 1951 746 2035 oriuntur,
765 1954 822 2016 aut
839 1953 928 2016 reeta
943 1973 982 2016 ex
1000 1951 1126 2015 duabus

111 2056 226 2121 mediis
260 2056 400 2121 secunda
433 2059 490 2121 aut
521 2055 645 2120 duobus
680 2056 795 2141 spatiis
832 2056 947 2121 mediis
980 2056 1126 2140 aequalis

111 2163 280 2247 quadrata.
938 2171 945 2185 ⁶

178 2267 1128 2355 Componanturenimduomediasibiincommensurabilia

111 2381 144 2440 A
149 2380 187 2460 B,
201 2378 273 2443 ΓΛ.
310 2376 391 2461 dico,
408 2381 532 2442 rectam
547 2376 654 2461 spatio
668 2381 741 2441 ΑΔ
755 2376 922 2460 aequalem
937 2374 1126 2460 quadratam

113 2486 170 2549 aut
189 2505 227 2548 ex
247 2482 371 2548 duabus
385 2483 508 2548 mediis·
516 2483 691 2549 secundam
707 2503 777 2548 esse
796 2485 853 2548 aut
871 2483 996 2548 duobus
1012 2481 1127 2567 spatiis

110 2589 226 2655 mediis
249 2590 418 2675 aequalem
442 2589 639 2674 quadratam.

177 2719 254 2760 nam
269 2700 326 2760 aut
339 2699 404 2759 AB
414 2704 448 2769 >
459 2697 526 2758 ΓΛ
545 2698 602 2760 aut
620 2698 686 2759 AB
697 2698 815 2769 <ΓΛ.
854 2696 898 2761 sit
911 2695 1005 2761 uerbi
1021 2696 1129 2780 gratia

111 2802 203 2886 prius
227 2807 292 2866 AB
306 2812 341 2875 >
355 2803 436 2886 ΓΛ,
464 2804 496 2865 et
519 2806 660 2887 ponatur
687 2807 777 2867 reeta
798 2802 970 2868 rationalis
994 2806 1072 2886 ΕΖ,
1096 2809 1129 2866 et

541 2909 648 2991 spatio
674 2912 740 2973 AB
769 2908 903 2993 aequale
930 2910 1039 2972 reatae
1066 2911 1128 2972 ΕΖ

541 3013 721 3097 adplicetur
740 3016 814 3079 ΕΗ
830 3013 1038 3079 latitudinem
1062 3013 1128 3078 effi-

542 3120 629 3185 ciens
648 3125 719 3205 ΕΘ,
743 3121 849 3205 spatio
869 3128 978 3186 autem
997 3123 1060 3185 ΓΛ
1079 3143 1130 3186 ae·

543 3228 637 3311 quale
664 3232 720 3292 ΘΙ
746 3227 952 3292 latitudinem
984 3227 1128 3293 efficiens

465 3352 494 3560 1Ζ
541 3338 617 3400 ΘΚ.
654 3339 687 3399 et
701 3335 854 3419 quoniam
868 3337 1129 3420 utrumqueAB‚

471 3468 502 3519 Η
542 3444 604 3507 ΓΛ
618 3442 760 3508 medium
770 3446 829 3526 est,
843 3443 941 3507 etiam
956 3446 1129 3524 utrumque

468 3543 482 3596 Ῑ
541 3553 621 3629 ΕΗ,
639 3553 695 3614 ΘΙ
715 3550 856 3614 medium
876 3551 934 3613 est.
972 3551 1005 3612 et
1022 3549 1132 3611 reatae
