2474 3908
143 165 209 228 278
530 161 731 216 Σοοιαοιαα
750 157 776 215 ι’.

145 304 358 394 ὀρθογώνιον
382 306 426 396 τῷ
456 301 521 372 ἀπὸ
548 308 608 390 τῆς
635 310 709 371 ΕΗ
731 302 944 394 τετραγώνῳ,
978 306 1068 371 ἔστιν
1097 301 1166 392 ἄρα

144 410 189 492 ώς
212 409 233 500 ἡ
256 418 323 478 ΑΖ
345 408 429 500 πρὸς
446 409 508 497 τὴν
533 416 612 496 ΕΗ,
637 407 743 489 οὕτως
766 406 786 496 ἡ
807 415 880 476 ΕΗ
898 406 982 495 πρὸς
1003 411 1066 495 τὴν
1087 416 1165 478 ΖΗ.

144 515 217 587 ἀλλ’
244 515 290 597 ώς
312 517 374 605 μὲν
396 515 416 604 ἡ
441 524 507 585 AZ
530 515 613 606 πρὸς
632 515 694 603 τὴν
713 522 793 601 ΕΗ,
818 512 924 593 οὕτως
941 512 979 582 τὸ
998 522 1059 582 ΑΙ
1080 538 1167 601 προς

144 621 182 692 τὸ
206 630 289 709 ΕΚ,
318 621 363 704 ώς
388 622 426 691 δὲ
452 623 473 710 ἡ
499 630 568 692 ΕΗ
596 621 678 712 πρὸς
705 623 767 710 τὴν
791 627 870 707 ΖΗ,
901 619 1008 700 οὕτως
1031 622 1103 689 ἐστὶ
1126 621 1166 691 τὸ

109 755 125 806 5
145 737 214 798 ΕΚ
235 732 318 820 πρὸς
340 755 378 797 το
397 736 476 796 KZ·
504 731 573 797 τών
596 726 662 815 ἄρα
685 735 753 813 ΑΙ,
772 733 839 795 KZ
863 727 967 814 μέσον
989 724 1167 814 ἀνάλογόν

144 835 273 905 ἔστιτὸ
299 842 375 905 ΕΚ.
422 841 491 905 έστι
516 836 553 904 δὲ
575 836 631 903 καὶ
654 838 722 903 τών
746 840 837 919 AM,
860 836 931 910 NE
955 834 1059 920 μέσον
1084 831 1167 902 ἀνά·

143 950 247 1030 λογον
275 945 312 1011 τὸ
341 949 435 1027 ΜΝ,
469 939 513 1024 ὡς
542 944 579 1010 ἐν
606 954 676 1022 τοῖς
704 945 897 1028 ἔμπροσθεν
925 941 1079 1027 ἐδείχθη,
1108 947 1171 1008 καί

145 1050 214 1117 ἐστι
236 1048 274 1117 τὸ
295 1048 384 1136 [μέν]
406 1056 465 1116 ΑΙ
484 1058 530 1140 τῷ
552 1055 633 1117 AM
649 1045 846 1138 τετραγώνῳ
871 1055 958 1131 ἴσον,
981 1048 1018 1114 τὸ
1042 1046 1080 1114 δὲ
1101 1052 1168 1114 KZ

143 1159 189 1247 τῷ
214 1157 292 1232 NE·
329 1157 385 1224 καὶ
413 1153 451 1224 τὸ
475 1162 560 1223 ΜΝ
583 1153 648 1241 ἄρα
672 1158 717 1246 τῷ
741 1161 812 1222 ΕΚ
835 1161 910 1222 ἴσον
936 1155 1035 1222 ἐστίν.
1080 1152 1168 1223 ἀλλὰ

93 1287 127 1336 10
145 1261 183 1330 τὸ
209 1262 271 1349 μὲν
294 1268 363 1330 ΕΚ
385 1266 431 1354 τῷ
455 1270 522 1329 ΔΘ
545 1265 636 1331 ἐστιν
664 1270 756 1347 ἴσον,
783 1262 821 1329 τὸ
850 1260 888 1328 δὲ
911 1267 991 1328 ΜΝ
1016 1262 1062 1351 τῷ
1088 1263 1167 1336 ΛΞ·

144 1393 181 1436 το
205 1365 271 1454 ἄρα
289 1376 363 1436 ΔΚ
385 1377 462 1437 ἴσον
486 1369 555 1437 ἐστὶ
578 1372 624 1460 τῷ
647 1375 752 1436 ΥΦΧ
769 1366 920 1454 γνώμονι
943 1366 998 1433 καὶ
1021 1376 1066 1458 τῷ
1086 1369 1164 1442 NE.

144 1477 214 1541 ἔστι
238 1472 275 1539 δὲ
297 1474 354 1540 καὶ
375 1472 414 1541 τὸ
439 1481 511 1542 ΑΚ
533 1481 609 1542 ἴσον
630 1488 702 1554 τοῖς
725 1481 815 1559 AM,
840 1474 909 1550 NE
928 1471 1165 1560 τετραγώνοις·

143 1576 265 1646 λοιπὸν
288 1576 412 1665 ἄρατὸ
435 1586 500 1646 AB
525 1586 601 1647 ἴσον
628 1580 697 1648 ἐστὶ
719 1584 766 1672 τῷ
791 1587 867 1647 ΣΤ.
908 1578 946 1646 τὸ
976 1578 1013 1646 δὲ
1036 1586 1108 1647 ΣΤ
1126 1581 1167 1648 τὸ

145 1681 210 1752 ἀπὸ
228 1688 288 1771 τῆς
310 1690 386 1752 AN
412 1687 479 1753 ἐστι
510 1684 735 1774 τετράγωνον·
771 1687 810 1754 τὸ
832 1681 898 1774 ἄρα
922 1682 987 1753 ἀπὸ
1009 1688 1069 1771 τῆς
1093 1693 1173 1753 AN

93 1816 126 1866 15
144 1789 357 1878 τετράγωνον
387 1799 463 1859 ἴσον
492 1790 560 1859 ἐστὶ
587 1796 633 1884 τῷ
656 1799 737 1859 ΑΒ·
776 1791 797 1878 ἡ
822 1798 897 1859 AN
925 1788 991 1880 ἄρα
1021 1792 1168 1860 δύναται

144 1896 182 1964 τὸ
206 1904 284 1980 AB.

213 2003 309 2089 Λέγω
334 2001 388 2090 δή,
412 2003 464 2071 ὅτι
487 2000 508 2090 ἡ
533 2010 609 2071 AN
627 2001 779 2091 ἀποτομή
804 2006 902 2073 ἐστιν.

209 2106 298 2178 'Fam
320 2109 385 2199 γὰρ
410 2109 513 2196 ῥητόν
537 2112 628 2179 ἐστιν
652 2109 810 2200 έκώτερον
828 2114 896 2180 τών
920 2119 987 2195 ΑΙ,
1008 2118 1084 2198 ZK,
1108 2119 1171 2181 καί

145 2216 236 2283 ἐστιν
260 2223 335 2284 ἴσον
358 2228 429 2295 τοῖς
449 2222 535 2301 AM,
550 2219 627 2300 NE,
650 2216 706 2284 καὶ
730 2215 888 2305 ἑκάτερον
907 2213 972 2305 ἄρα
991 2221 1058 2285 τών
1078 2225 1168 2306 AM,

91 2348 126 2397 20
145 2324 216 2399 NE
237 2322 338 2410 ῥητόν
362 2322 464 2407 ἐστιν,
487 2323 639 2389 τουτέστι
662 2321 701 2389 τὸ
725 2318 790 2390 ἀπὸ
814 2323 972 2412 ἑκατέρας
992 2327 1062 2392 τών
1087 2330 1168 2411 AO,

147 2434 229 2495 ON·
270 2428 326 2494 καὶ
360 2427 498 2515 ἑκατέρα
531 2425 598 2517 ἄρα
630 2430 700 2495 τών
731 2436 814 2515 ΛΟ,
844 2436 917 2496 ΟΝ
946 2428 1029 2517 ῥητή
1063 2431 1167 2509 ἐστιν.

144 2531 255 2617 πάλιν,
282 2533 352 2600 έιιεὶ
370 2534 473 2620 μέσον
493 2534 562 2602 ἐστὶ
585 2533 623 2602 τὸ
644 2542 712 2602 ΔΘ
734 2539 793 2602 καί
814 2538 905 2604 ἐστιν
928 2544 1004 2605 ἴσον
1022 2539 1067 2628 τῷ
1088 2539 1166 2624 AE,

144 2638 248 2725 μέσον
276 2636 342 2726 ἄρα
371 2639 439 2706 ἐστὶ
468 2640 523 2706 καὶ
551 2641 588 2708 τὸ
617 2643 689 2717 AE.
740 2641 811 2710 ἐπεὶ
844 2633 908 2711 οὖν
939 2641 977 2711 τὸ
1010 2642 1072 2729 μὲν
1101 2647 1171 2721 AE

144 2744 248 2830 μέσον
271 2747 376 2830 ἐστίν,
403 2744 441 2814 τὸ
467 2746 505 2814 δὲ
528 2749 598 2823 NE
618 2745 738 2834 ῥητόν,
767 2744 982 2838 ἀσύμμετρον
1005 2746 1071 2838 ἄρα
1095 2751 1167 2817 ἐστὶ

90 2876 124 2926 26
144 2849 181 2920 τὸ
205 2854 271 2929 AE
295 2856 340 2946 τῷ
365 2855 443 2929 NE·
481 2850 525 2932 ώς
549 2852 586 2919 δὲ
614 2854 652 2921 τὸ
677 2857 743 2931 AE
768 2856 851 2944 πρὸς
877 2857 915 2925 τὸ
939 2857 1023 2940 NE,
1056 2853 1168 2936 οὕτως

144 2959 235 3027 ἐστὶν
258 2957 279 3047 ἡ
304 2967 371 3027 ΛΟ
392 2960 475 3047 πρὸς
498 2957 560 3044 τὴν
585 2965 668 3027 ON·
705 2957 916 3051 ἀσύμμετρος
939 2959 1005 3047 ἄρα
1028 2961 1120 3030 ἐστὶν
1144 2959 1166 3049 ἡ

216 3163 241 3210 2.
255 3151 320 3226 τήν]
335 3153 434 3225 (prius)
450 3171 503 3209 om.
518 3154 549 3210 P.
601 3161 624 3210 6.
639 3154 710 3209 Post
723 3148 934 3244 dvquyov'ras.
950 3155 1037 3212 311ιι.
1052 3156 1085 3212 V.
1140 3164 1166 3214 7.

144 3224 299 3352 fflv.
335 3225 432 3349 &N
459 3225 652 3350 ΜΕΝ·
667 3295 701 3350 v.
732 3232 757 3283 ⁹·
772 3226 927 3352 ἔέέῖέέι
947 3298 980 3354 v.
1001 3226 1170 3371 Ἥῗέ

143 3367 245 3438 (prius)
267 3370 305 3419 τῶ
328 3364 363 3421 V.
435 3365 491 3437 τῷ]
516 3367 577 3420 ἴσον
597 3361 656 3421 ἐστὶ
673 3362 706 3422 τό
730 3366 764 3422 V.
836 3368 876 3439 τῷ
900 3368 975 3441 ΔΘ]
1000 3369 1029 3424 in
1052 3385 1106 3426 ras.
1127 3388 1168 3427 m.

146 3439 211 3493 1P.
247 3504 254 3523 ι
285 3419 361 3492 έστιν
380 3435 584 3526 lhovlomN,
611 3437 673 3522 ἴσον
693 3433 769 3493 ἐστίν
788 3439 818 3493 F.
896 3440 934 3513 τῷ
958 3439 991 3496 δὲ
1016 3443 1087 3495 ΜΝ
1103 3443 1169 3498 ἴσον

146 3504 205 3564 ἐστὶ
225 3528 256 3563 το
277 3509 343 3568 AE·
364 3508 425 3563 ἴσον
440 3528 497 3577 αρα
512 3527 543 3562 το
560 3512 620 3562 ΔΚ
635 3528 673 3582 τῳ
693 3509 725 3562 V.
801 3516 843 3566 12.
864 3512 937 3583 ἴσον]
959 3526 1013 3566 om.
1027 3512 1054 3567 V
1069 3512 1169 3583 (supra
