2474 3908
161 160 225 224 122
546 160 748 213 mmm
768 156 794 213 ι’.

226 305 270 369 Εἰ
291 301 356 387 γὰρ
381 301 543 386 δυνατόν,
570 300 746 389 διῃρήσθω
769 299 825 368 καὶ
847 325 931 367 κατα
954 297 992 367 τὸ
1017 307 1067 386 A,
1094 297 1180 368 ὥστε

159 408 215 475 καὶ
237 405 297 486 τὰς
319 417 400 495 ΑΔ,
424 416 458 475 Δ
464 415 492 475 Β
517 405 618 493 ῥητὰς
646 403 733 475 εἶναι
757 404 900 493 δυνάμει
927 404 1034 492 μόνον
1057 407 1180 493 συμμέ·

159 538 268 598 τρους.
315 510 465 599 φανερὸν
493 511 551 599 δή,
585 509 637 581 ὅτι
660 512 681 598 ἡ
706 518 775 580 ΑΓ
794 515 833 601 τῷ
858 518 924 580 ΔΒ
951 509 1013 580 οὐκ
1043 509 1176 580 ἔστινδ

160 617 253 704 αὐτή.
291 622 321 685 εἰ
342 619 407 706 γὰρ
432 619 589 705 δυνατόν,
614 625 707 688 ἔστω.
741 624 833 688 ἔσται
857 617 899 705 δὴ
922 619 978 686 καὶ
1001 615 1022 704 ἡ
1043 626 1115 686 ΑΔ
1139 621 1179 708 τῇ

123 753 140 802 5
160 730 221 793 ΓΒ
243 721 264 810 ἡ
288 721 385 811 αὐτή·
413 725 469 792 καὶ
493 729 584 792 ἔσται
607 722 652 806 ὡς
669 722 690 811 ἡ
706 731 776 794 ΑΓ
793 724 877 814 πρὸς
895 725 957 813 τὴν
976 731 1048 810 ΓΒ,
1072 722 1181 805 οὕτως

159 829 180 916 ἡ
204 839 273 899 ΒΔ
295 832 379 920 πρὸς
397 831 460 918 τὴν
484 840 566 918 ΔΑ,
594 832 649 898 καὶ
676 837 767 900 ἔσται
789 829 810 919 ἡ
835 840 902 901 ΑΒ
924 831 1007 900 κατὰ
1031 829 1069 900 τὸ
1094 829 1177 900 αὐτὸ

159 948 198 1026 τῇ
227 935 371 1005 κατὰτὸ
397 943 430 1005 Γ
454 939 613 1022 διαιρέσει
641 941 851 1024 διαιρεθεῖσα
877 938 933 1005 καὶ
956 936 1038 1006 κατὰ
1066 936 1106 1006 τὸ
1131 947 1179 1006 Δ·

161 1044 242 1130 ὅπερ
271 1041 333 1131 οὐχ
363 1041 543 1113 ὑπόκειται.
580 1041 642 1112 οὐκ
670 1042 735 1131 ἄρα
757 1041 778 1131 ἡ
803 1050 872 1112 ΑΓ
889 1048 929 1134 τῇ
955 1053 1021 1113 ΔΒ
1042 1042 1180 1130 ἐστινὴ

160 1149 255 1239 αὕτη.
302 1152 359 1219 διὰ
388 1149 429 1237 δὴ
453 1155 553 1219 τοῦτο
581 1151 638 1218 καὶ
664 1149 704 1218 τὰ
732 1157 769 1237 Γ,
794 1159 827 1218 Δ
854 1164 974 1238 σημεῖα
1006 1148 1068 1220 οὐκ
1101 1159 1180 1219 ῖσον

109 1287 142 1334 10
160 1256 321 1346 ἀπέχουσι
339 1267 397 1342 τῆς
416 1261 616 1345 διχοτομίας.
646 1248 673 1349 ῷ
696 1255 762 1344 ἄρα
786 1260 936 1345 διαφέρει
959 1257 999 1325 τδι
1023 1257 1089 1325 ιἰπὸ
1108 1262 1181 1326 τῷν

160 1371 234 1450 ΑΓ,
253 1370 317 1432 ΓΒ
336 1374 404 1432 τοῖν
428 1361 494 1431 ἀπὸ
517 1368 586 1431 τῷν
605 1373 637 1431 Α
642 1373 690 1450 Δ,
710 1348 788 1451 AB,
813 1364 920 1457 τούτῳ
945 1369 1098 1451 διαφέρει
1120 1365 1180 1432 καὶ

159 1468 196 1538 τὸ
221 1469 273 1550 δὶς
295 1466 362 1536 ὑπὸ
385 1473 453 1537 τῶν
478 1477 559 1556 ΑΔ,
585 1477 653 1537 ΑΒ
675 1474 736 1538 τοῦ
761 1471 813 1551 δὶς
834 1468 900 1539 ὑπὸ
923 1475 992 1540 τῷν
1014 1476 1091 1557 ΛΓ,
1115 1477 1179 1541 ΓΒ

160 1574 272 1643 διὰτὸ
291 1575 347 1642 καὶ
366 1572 406 1642 τὰ
425 1572 491 1642 ἀπὸ
510 1580 578 1644 τῷν
598 1581 672 1662 ΑΓ,
691 1583 753 1644 ΓΒ
772 1575 852 1664 μετὰ
871 1587 933 1645 τοῦ
953 1577 1006 1657 δὶς
1023 1576 1090 1645 ὑπὸ
1109 1580 1181 1646 τῶν

161 1686 234 1767 ΑΓ,
255 1687 315 1749 ΓΒ
338 1680 452 1748 καὶτὰ
477 1678 542 1750 ἀπὸ
565 1686 633 1751 τῶν
652 1691 734 1769 ΑΔ,
760 1691 826 1751 ΑΒ
845 1683 925 1771 μετδι
949 1687 1010 1751 τοῦ
1034 1683 1087 1763 δὶς
1110 1681 1179 1752 ὑπὸ

109 1814 142 1862 15
160 1792 228 1857 τῷν
243 1798 275 1856 Α
281 1796 328 1873 Δ,
344 1793 411 1855 ΔΒ
427 1795 483 1855 ἴσα
502 1785 652 1881 εἶναιτῷ
672 1789 737 1858 ἀπὸ
757 1794 816 1876 της
830 1797 904 1858 AB.
946 1788 1031 1858 ἀλλὰ
1050 1789 1091 1856 τὰ
1110 1788 1179 1859 ιἰπὸ

160 1900 228 1963 τῷν
248 1900 327 1981 ΑΓ,
345 1901 407 1963 ΓΒ
425 1898 493 1963 τῷν
517 1894 583 1964 ἄπο
608 1901 677 1965 τῷν
701 1907 733 1965 Α
739 1906 786 1982 Δ,
807 1905 873 1965 ΔΒ
897 1901 1049 1985 διαφέρει
1072 1899 1179 1989 ῥητῷ·

161 1999 243 2090 ῥητδι
262 2001 326 2091 γὰρ
344 1999 531 2090 ἀμφότερα·
554 2003 609 2070 καὶ
627 2001 665 2071 τὸ
686 2002 738 2083 δὶς
757 2001 824 2091 δι’ρα
837 2000 903 2071 ὑπὸ
917 2008 986 2072 τῷν
1001 2012 1033 2071 A
1039 2012 1072 2071 Δ
1077 2054 1087 2090 ,
1109 2012 1144 2071 Δ
1149 2010 1179 2072 Β

160 2112 221 2176 τοῦ
245 2110 297 2190 δὶς
319 2092 394 2178 ὑπδ
408 2113 477 2177 τῶν
501 2115 576 2195 ΑΓ,
600 2114 661 2177 ΓΒ
685 2110 837 2196 διαφέρει
860 2112 949 2202 ῥητῷ
974 2111 1057 2197 μέσα
1080 2109 1179 2178 ὄντα·

160 2213 241 2304 ὅπερ
260 2215 401 2284 ἄτοπον·
429 2216 532 2303 μέσον
555 2215 620 2304 γὰρ
643 2216 748 2303 μέσου
771 2213 834 2303 οὐχ
856 2213 1009 2304 ὑπερέχει
1032 2218 1131 2311 ῥητῷ.

103 2346 141 2396 νο
229 2320 300 2390 Οὐκ
323 2319 390 2407 ἄρα
413 2318 433 2407 ἡ
458 2322 494 2388 έιι
517 2323 579 2390 δύο
603 2319 780 2408 ὀνομάτων
808 2319 875 2389 κατ’
901 2320 984 2390 ἄλλο
1011 2323 1066 2391 καὶ
1092 2322 1177 2393 ἄλλο

159 2441 298 2515 σημεῖον
322 2431 511 2514 διαιρεῖται·
552 2425 628 2495 καθ’
661 2430 699 2495 ἓν
730 2426 796 2512 ἄρα
828 2427 948 2515 μόνον·
991 2427 1073 2516 ὅπερ
1107 2434 1178 2498 ἔδει

159 2535 272 2613 δεῖξαι.

635 2650 698 2710 W·

220 2743 262 2814 Ἡ
284 2748 325 2815 έιι
353 2747 424 2815 δύο
453 2748 582 2834 μέσων
610 2746 742 2834 πρώτη
770 2746 854 2816 καθ’
884 2753 926 2817 ἓν
954 2749 1080 2836 μόνον
1109 2768 1177 2836 ση-

102 2875 140 2925 25
160 2866 272 2941 μεῖον
296 2857 522 2940 διαιρεῖται.

233 3020 257 3070 1.
277 3017 443 3083 διαιρείσθω
462 3015 495 3069 V.
555 3013 604 3068 καὶ
622 3010 708 3086 κατά]
727 3010 799 3068 κατά
819 3014 931 3070 BFVb.
991 3022 1016 3071 3.
1036 3018 1102 3086 ΔΒ]
1122 3021 1177 3071 ΒΔ

159 3102 265 3142 ecorr.
285 3103 321 3141 m.
341 3092 357 3140 2
377 3087 410 3141 V.
470 3092 495 3141 4.
515 3081 653 3208 δήχοοιτ.
669 3102 702 3140 ex
717 3085 749 3140 δέ
764 3085 798 3138 V.
858 3091 880 3142 Α
945 3102 1015 3142 corr.
1030 3103 1065 3142 ex
1079 3091 1130 3143 ΑΓ
1141 3087 1175 3144 V.

185 3161 221 3243 fi.
247 3156 449 3227 PB]mut.in
474 3159 542 3244 ιΒΓε
577 3198 599 3242 ¹«
642 3151 914 3245 &ei-Qssmt
952 3157 1075 3213 m.2B.
1151 3164 1175 3214 6.

155 3228 352 3369 τηδδτδῗιατξ-1
358 3228 391 3352 ιδι
405 3226 519 3352 συνζῆν
525 3227 645 3363 ςωςαδτδ)
656 3229 795 3368 τῗὲχῗα)Ῥ
801 3245 1042 3370 ,ωςτμεδχὶχῗδιῆεδῑδέο
1048 3234 1121 3356 Πδοὲ
1138 3230 1176 3355 εδδ.

158 3369 227 3423 2V.
301 3374 326 3423 ῖ.
347 3368 380 3440 τῇ
400 3364 486 3439 κατεῖ]
507 3385 543 3422 m.
562 3383 618 3423 ree.
636 3368 667 3423 P.
744 3368 813 3424 Post
830 3372 884 3425 καί
899 3371 964 3426 αδδ.
982 3371 1015 3443 τῇ
1034 3387 1121 3441 supra
1138 3389 1175 3426 m.

160 3439 226 3495 lV.
282 3445 306 3496 8.
327 3439 390 3511 ΔΒ]
411 3442 461 3493 AB
476 3458 507 3527 φ.
565 3443 607 3493 10.
626 3434 781 3509 ἀπέχουσιν
800 3440 832 3496 Β.
892 3441 943 3496 τοῦ
963 3443 1125 3512 διχοτομέον
1145 3441 1176 3508 Ρ,

156 3523 227 3567 corr.
247 3528 283 3567 m.
303 3527 357 3566 reo.
416 3500 451 3583 ᾧ]
470 3530 509 3573 ως
527 3530 557 3578 φ.
620 3516 662 3567 12.
681 3513 743 3580 ΑΓ,
763 3514 813 3566 ΓΒ
832 3513 862 3567 Ρ.
917 3513 982 3585 τοῦ]
1002 3529 1072 3569 corr.
1091 3529 1175 3570 exov

80 3620 121 3664 h
