2474 3908
160 143 226 208 306
548 143 750 196 Στοιανιαα
768 139 796 198 ι’.

160 289 229 354 τῶν
247 292 330 372 ΑΗ,
344 293 412 354 ΗΒ
437 286 520 373 ῥητοί
540 289 640 370 ἐστιν,
661 289 721 352 καί
741 287 811 352 ἐστι
833 297 903 365 τοῖς
925 281 990 353 ἀπὸ
1009 289 1078 354 τῶν
1098 295 1183 374 ΑΗ,

160 399 228 460 ΗΒ
252 400 328 461 ἴσον
351 391 388 460 τὸ
417 399 502 477 AM,
527 394 631 478 ῥητὸν
654 389 721 476 ἄρα
745 391 813 459 ἐστὶ
836 389 874 458 τὸ
898 398 984 460 AM.
1012 391 1071 459 καὶ
1089 394 1182 483 παρὰ

161 496 267 584 ῥητὴν
285 496 348 584 τὴν
368 503 430 565 PA
452 497 700 585 παραβέβληται
721 495 847 576 πλάτος
869 501 992 565 ποιοῦν
1014 524 1079 586 την
1100 506 1183 569 ΓΜ·

161 606 244 692 ῥητὴ
267 603 333 692 ἄρα
357 605 447 673 ἐστὶν
475 604 496 691 ἡ
520 610 598 671 ΓΜ
619 604 675 670 καὶ
703 603 890 690 σύμμετρος
917 608 956 692 τῇ
980 609 1046 671 PA
1074 606 1184 693 μήκει.

125 733 141 782 5
160 711 273 795 πάλιν,
297 712 366 780 ἐπεὶ
389 712 493 798 μέσον
517 711 585 780 ἐστὶ
612 708 650 778 τὸ
675 710 727 790 δὶς
746 707 812 779 ὑπὸ
830 713 899 779 τῶν
918 715 1000 795 ΑΗ,
1018 717 1101 799 ΗΒ,
1126 716 1183 782 καὶ

159 822 205 910 τῷ
230 819 282 899 δὶς
304 816 370 887 ὑπὸ
393 823 462 888 τῶν
484 825 567 901 AH,
587 824 654 885 ΗΒ
679 826 755 886 ἴσον
778 815 816 886 τὸ
833 824 908 905 ZA,
931 819 1035 904 μέσον
1054 817 1181 908 ἄρατὸ

161 931 234 992 ZA.
257 924 313 990 καὶ
327 923 416 1010 παρὰ
431 922 536 1010 ῥητὴν
554 921 616 1009 τὴν
630 930 692 990 PA
706 923 901 1011 παράκειται
917 922 1042 1004 πλάτος
1055 931 1183 996 ποιοῦν

159 1031 220 1116 τὴν
246 1035 330 1096 ΖΜ·
368 1027 449 1115 ῥητὴ
478 1027 544 1116 ἄρα
568 1029 658 1096 ἐστὶν
682 1026 702 1114 ἡ
727 1035 804 1096 ΖΜ
826 1030 882 1096 καὶ
905 1027 1118 1119 ἀσύμμετρος
1141 1044 1182 1122 τῇ

160 1142 221 1204 PA
245 1135 349 1223 μήκει.
395 1135 450 1203 καὶ
475 1135 544 1202 ἐπεὶ
567 1136 607 1202 τὰ
631 1134 691 1221 μὲν
715 1131 780 1202 ἀπὸ
804 1139 873 1202 τῶν
896 1143 979 1222 ΑΗ,
1002 1143 1071 1205 ΗΒ
1097 1138 1183 1225 ῥητοί

109 1262 141 1313 10
162 1246 262 1328 ἐστιν,
286 1242 323 1310 τὸ
349 1240 386 1309 δέ
410 1242 462 1320 δὶς
485 1239 549 1308 ὑπὸ
573 1244 643 1309 τῶν
660 1247 741 1328 AH,
755 1249 823 1309 ΗΒ
844 1243 958 1328 μέσον,
982 1241 1182 1332 ἀσύμμετρα

160 1347 226 1436 ἄρα
249 1351 317 1416 ἐστὶ
340 1346 380 1414 τὰ
401 1346 466 1415 ἀπὸ
488 1352 556 1415 τῶν
580 1353 662 1433 AH,
682 1354 749 1415 ΗΒ
773 1351 818 1438 τῷ
843 1348 895 1428 δὶς
918 1346 985 1417 ὑπὸ
1008 1353 1077 1418 τῶν
1098 1359 1180 1438 ΑΗ,

159 1461 236 1522 ΗΒ.
281 1455 337 1521 καὶ
360 1467 430 1533 τοῖς
453 1452 513 1539 μέν
541 1451 607 1521 ἀπὸ
636 1464 704 1522 τοῖν
727 1460 814 1541 AH,
838 1461 907 1522 ΗΒ
937 1463 1011 1524 ἴσον
1042 1457 1113 1524 ἐστὶ
1140 1458 1178 1527 τὸ

158 1565 230 1646 PA,
253 1563 299 1650 τῷ
323 1559 360 1627 δὲ
380 1559 432 1639 δὶς
450 1556 516 1626 ὑπὸ
535 1564 605 1628 τῶν
623 1567 704 1647 ΑΗ,
718 1567 786 1628 ΗΒ
805 1562 843 1630 τὸ
863 1569 939 1628 ΖΛ·
963 1559 1180 1653 ἀσύμμετρον

159 1664 225 1750 ἄρα
253 1666 322 1733 ἐστὶ
350 1668 387 1733 τὸ
413 1671 495 1732 AM
520 1669 565 1757 τῷ
590 1674 667 1736 ZA.
713 1664 757 1748 ὥς
786 1666 822 1735 δέ
849 1666 887 1735 τὸ
917 1675 1001 1736 AM
1027 1670 1115 1756 πρὸς
1141 1671 1179 1741 τὸ

107 1793 140 1842 15
160 1779 242 1858 ZA,
266 1771 373 1853 οὕτως
395 1773 486 1841 ἐστὶν
509 1771 529 1860 ἡ
554 1779 631 1841 ΓΜ
647 1772 731 1860 πρὸς
753 1771 814 1860 τὴν
839 1781 919 1843 ZM.
965 1772 1179 1865 ἀσύμμετρος

159 1877 225 1967 ἄρα
248 1879 339 1948 ἐστὶν
363 1876 384 1966 ἡ
409 1885 485 1947 ΓΜ
502 1882 542 1967 τῇ
563 1886 640 1947 ΖΜ
658 1879 762 1966 μήκει.
798 1885 858 1947 καί
878 1884 964 1948 εἰσιν
988 1878 1178 1968 ἀμφότεραι

159 1988 269 2073 ῥηταί·
310 1989 348 2054 αἱ
373 1987 439 2076 ἄρα
467 1992 553 2072 ΓΜ,
577 1991 650 2053 ΜΖ
678 1987 780 2072 ῥηταί
803 1990 869 2055 εἰσι
897 1986 1040 2074 δυνάμει
1068 1991 1179 2075 μόνον

158 2091 354 2182 σύμμετροι·
383 2092 404 2180 ἡ
427 2099 488 2161 ΓΖ
511 2091 576 2179 ἄρα
600 2090 752 2179 ἀποτομή
776 2094 896 2165 ἐστιν..

225 2201 322 2286 Λέγω
347 2198 401 2286 δή,
424 2198 475 2267 ὅτι
497 2196 554 2266 καὶ
576 2197 701 2284 πρώτη.

105 2325 139 2376 2⁰
222 2301 311 2372 Ἐπεὶ
334 2303 399 2391 γὰρ
421 2314 489 2373 τῶν
513 2301 578 2372 ἀπὸ
601 2307 669 2373 τῶν
688 2310 770 2390 ΑΗ,
789 2312 857 2371 ΗΒ
880 2306 984 2392 μέσον
1002 2304 1180 2394 ἀνάλογόν

158 2411 228 2478 ἐστι
249 2410 287 2478 τὸ
312 2409 378 2480 ὑπὸ
401 2413 470 2478 τῶν
492 2416 575 2495 AH,
599 2418 679 2496 ΗΒ,
702 2413 762 2478 καί
781 2412 849 2480 ἐστι
872 2415 918 2504 τῷ
942 2411 1004 2498 μέν
1028 2409 1094 2482 ἀπὸ
1118 2420 1181 2502 τῆς

156 2522 235 2583 ΑΗ
257 2525 334 2586 ἴσον
357 2515 393 2584 τὸ
418 2521 496 2602 ΓΘ,
517 2519 568 2608 ζτῷ
601 2517 638 2585 δέ
666 2515 730 2586 ἀπὸ
754 2520 812 2604 τῆς
833 2525 908 2586 ΒΗ
932 2527 1008 2587 ἴσον
1031 2517 1069 2587 τὸ
1094 2527 1179 2608 KA,

156 2625 201 2712 τῷ
226 2621 263 2689 δὲ
286 2619 352 2690 ὑπὸ
376 2624 444 2689 τῶν
468 2628 549 2707 ΑΗ,
573 2630 643 2690 ΗΒ
666 2623 702 2692 τὸ
727 2630 812 2710 NA,
836 2624 892 2691 καὶ
916 2629 984 2694 τῶν
1007 2631 1079 2711 ΓΘ,
1104 2634 1179 2695 KA

156 2725 223 2814 ἄρα
246 2728 349 2815 μέσον
371 2725 544 2814 ἀνάλογόν
568 2732 637 2797 ἐστι
660 2727 697 2797 τὸ
722 2735 805 2796 ΝΛ·
848 2734 939 2798 ἔστιν
967 2729 1033 2815 ἄρα
1061 2729 1108 2812 ὡς
1135 2732 1177 2803 τὸ

102 2855 136 2906 25
154 2840 218 2902 ΓΘ
239 2833 322 2922 πρὸς
344 2834 382 2903 τὸ
406 2839 493 2921 NA,
518 2832 624 2916 οὕτως
646 2833 685 2904 τὸ
709 2842 781 2929 NA
802 2833 887 2924 πρὸς
909 2835 947 2905 τὸ
971 2843 1050 2905 KA.
1096 2836 1176 2907 ἀλλ’

155 2939 201 3023 ὡς
223 2943 285 3030 μὲν
307 2940 344 3012 τὸ
366 2948 428 3010 ΓΘ
450 2940 534 3028 πρὸς
556 2941 594 3012 τὸ
614 2948 696 3029 NA,
721 2939 827 3023 οὕτως
850 2944 941 3011 ἐστὶν
965 2941 1075 3030 ἡΓΚ
1089 2945 1177 3034 πρὸς

227 3134 447 3262 κρῆ-ἐ
415 3144 439 3193 2.
460 3138 530 3208 ΗΒ]
551 3155 608 3208 mg.
627 3156 663 3192 m.
684 3137 750 3195 213.
825 3143 849 3192 1.
870 3133 1174 3225 §ovav150uPBVb‚

155 3224 244 3261 com.
366 3203 447 3262 ααίέ
449 3225 493 3261 οτι
510 3208 582 3280 τοις]
571 3208 711 3280 τ]οι”έςὸ
730 3209 764 3264 V.
837 3215 862 3265 3
882 3228 1054 3276 παρααειται
1072 3185 1176 3268 Theon

154 3276 215 3361 (BF
252 3276 297 3345 b)-
272 3278 413 3350 kpnapa
415 3276 528 3350 ἐβληιοα
547 3295 632 3347 supra
650 3280 714 3334 add.
735 3298 771 3334 m
791 3279 858 3336 213.
931 3287 955 3336 6
975 3281 1026 3353 τῷ]
1046 3298 1116 3339 corr.
1138 3299 1176 3338 ex

152 3366 185 3401 το
177 3344 267 3401 '.FV
322 3354 346 3403 8.
367 3344 425 3403 ἐστ
415 3349 455 3420 ν]
477 3345 535 3403 ἐστὶ
549 3350 646 3404 καίΓ
702 3351 788 3405 nala
770 3346 960 3424 ἀσύμμετρος]
979 3337 1070 3409 b‘isb.
1128 3361 1174 3410 10

154 3414 212 3473 ἐστι
230 3417 292 3486 BV,
312 3435 402 3488 comp
421 3419 449 3486 b,
470 3417 523 3473 εἰσι
541 3420 584 3474 F?
658 3419 781 3491 μέσαΡ,
799 3423 877 3491 οΒΡ,
897 3440 967 3478 corr.
986 3441 1022 3478 m.
1044 3430 1069 3479 1.
1127 3432 1173 3485 11.

152 3486 209 3559 ἄρα
191 3490 222 3561 οι]
243 3505 297 3546 om.
317 3490 348 3545 Β.
422 3460 544 3545 ἒστίνΡ.
620 3498 660 3547 12
658 3441 747 3565 μιιοιέ]
766 3494 819 3548 καί
834 3464 893 3549 ἔστι
910 3493 1024 3550 BFVb.
1092 3492 1173 3569 ἔστί]
