2474 3908
161 181 227 247 390
575 184 764 235 APPENDIX.

160 323 225 393 ὑπὸ
245 328 313 393 τῶν
328 331 405 410 ΑΒ,
419 329 486 391 ΒΓ
504 322 587 412 πρὸς
604 323 642 391 τὸ
662 322 728 392 ἀπὸ
746 328 806 410 τῆς
819 330 890 392 ΒΓ.
922 320 1182 408 ἀναγεγράφθω

160 429 225 517 γὰρ
253 428 319 498 ἀπὸ
346 435 405 516 τῆς
432 436 498 497 ΒΓ
524 433 736 518 τετράγωνον
762 428 801 498 τὸ
829 436 981 515 ΒΔΕΓ,
1015 430 1076 497 καὶ
1107 449 1182 516 συμ-

161 534 392 623 πεπληρώσθω
411 535 449 604 τὸ
469 545 540 603 ΑΛ
558 535 915 623 παραλληλόγραμμον.
952 535 1114 623 φανερὸν
1134 536 1183 622 δή,

161 641 212 709 ὅτι
244 642 335 710 ἐστὶν
367 639 412 723 ὡς
444 669 464 728 η
493 650 558 710 ΑΒ
589 640 673 731 πρὸς
699 640 762 728 τὴν
788 648 865 728 ΒΓ,
899 640 1006 723 οὕτως
1037 640 1080 711 τὸ
1114 651 1183 710 ΑΔ

126 749 509 836 σπαραλληλόγραμμον
541 749 625 836 πρὸς
654 746 691 816 τὸ
720 757 786 817 ΒΕ
815 747 1183 837 παραλληλόγραμμον.

160 862 219 923 καί
240 858 308 923 ἐστι
331 854 368 923 τὸ
393 855 453 941 μὲν
477 864 549 923 ΛΔ
571 853 608 923 τὸ
633 853 698 923 ὑπὸ
722 859 790 924 τῶν
813 863 894 941 ΑΒ,
917 861 993 923 ΒΓ·
1033 863 1094 942 ίση
1119 856 1183 943 γὰρ

161 959 329 1050 ὁΒΓτη
353 969 435 1028 ΒΔ·
461 963 499 1030 τὸ
525 961 647 1029 δὲΒΕ
667 959 704 1029 τὸ
729 961 793 1028 ἀπὸ
817 966 876 1047 τῆς
893 968 968 1029 ΒΓ·
998 961 1044 1040 ὡς
1073 959 1184 1051 ἄραὴ

162 1074 228 1134 ΑΒ
252 1065 334 1154 πρὸς
356 1066 418 1152 τὴν
443 1072 516 1153 ΒΓ,
540 1064 646 1147 οὕτως
668 1067 705 1134 τὸ
728 1064 795 1134 ὑπὸ
818 1077 886 1135 τῶν
910 1073 987 1152 ΑΒ,
1007 1074 1080 1135 ΒΓ
1101 1069 1184 1156 πρὸς

161 1171 198 1240 τὸ
223 1171 288 1240 ἀπὸ
311 1176 370 1258 τῆς
393 1179 467 1240 ΒΓ·
496 1173 578 1260 ὅπερ
601 1176 669 1240 ἔδει
693 1176 807 1254 δείξαι.

646 1355 695 1418 12.

491 1458 543 1524 Ad
556 1460 630 1524 libr.
644 1457 675 1522 X
692 1481 783 1543 prop.
798 1458 850 1524 32.

111 1584 143 1632 10
476 1566 617 1647 Λῆμμα
645 1565 702 1640 είς
728 1561 770 1629 τὸ
799 1561 868 1647 W.

227 1682 305 1752 Ἐὰν
329 1675 391 1752 ὦσι
413 1699 502 1771 τρεῖς
525 1683 656 1754 εὐθεῖαι
680 1688 716 1754 ἐν
746 1685 834 1777 λόγῳ
862 1692 946 1773 τινί,
974 1691 1071 1755 ἔσται
1097 1686 1185 1774 ὡςὴ

163 1791 276 1878 πρώτη
300 1790 383 1880 πρὸς
400 1790 464 1879 τὴν
481 1800 608 1879 τρίτην,
632 1790 738 1873 οὕτως
755 1791 793 1861 τὸ
813 1792 878 1861 ὑπὸ
897 1797 957 1879 τῆς
974 1793 1114 1881 πρώτης
1131 1795 1185 1863 καί

163 1900 264 1984 μέσης
286 1896 370 1985 πρὸς
396 1896 434 1967 τὸ
457 1899 523 1966 ὑπὸ
547 1903 605 1985 τῆς
628 1899 731 1985 μίσης
753 1899 809 1966 καὶ
833 1901 1014 1986 ἐλαχίστης.

222 2003 396 2073 Ἔστωσαν
419 2018 507 2090 τρεῖς
529 2001 660 2072 εὐθεῖαι
685 2007 721 2072 ἐν
745 2004 833 2096 λόγῳ
856 2006 923 2073 τινὶ
946 2008 983 2073 αί
1005 2014 1037 2073 Α
1044 2013 1087 2093 Β,
1112 2014 1186 2094 ΒΓ,

112 2132 145 2181 15
166 2117 238 2178 ΓΔ·
272 2113 368 2197 λέγω,
394 2109 445 2179 ὅτι
469 2111 560 2179 ἐστὶν
584 2109 629 2191 ὡς
651 2110 672 2196 ἡ
697 2118 762 2178 ΑΒ
786 2115 869 2199 πρὸς
890 2110 952 2197 τὴν
974 2117 1049 2197 ΓΔ,
1077 2111 1187 2194 οὕτως

164 2216 201 2285 τὸ
220 2215 286 2286 ὑπὸ
310 2229 377 2286 τῶν
403 2225 477 2302 ΑΒ,
500 2224 568 2286 ΒΓ
587 2220 670 2304 πρὸς
693 2215 729 2285 τὸ
752 2213 818 2285 ὑπὸ
842 2221 910 2284 τῶν
935 2223 1007 2303 ΒΓ,
1032 2224 1110 2287 ΓΔ.

222 2320 341 2411 Ἤχθω
360 2323 424 2411 γὰρ
444 2320 508 2391 ἀπὸ
527 2327 589 2391 τοῦ
603 2331 635 2390 A
658 2326 797 2409 σημείου
820 2326 860 2410 τῇ
875 2330 941 2391 ΑΒ
965 2320 1049 2410 πρὸς
1075 2321 1189 2412 ὀρθὰς

165 2428 290 2516 ἡΑΕ,
317 2431 373 2498 καὶ
399 2437 525 2498 κείσθω
552 2440 592 2518 τῇ
621 2435 687 2497 ΒΓ
711 2437 766 2515 ίση
794 2426 815 2515 ἡ
840 2437 923 2515 ΑΕ,
951 2430 1007 2497 καὶ
1034 2429 1096 2497 διὰ
1126 2437 1190 2500 τοῦ

167 2544 197 2602 Ε
223 2541 362 2623 σημείου
388 2541 428 2625 τῇ
449 2544 519 2603 ΑΔ
547 2533 665 2625 εὐθείᾳ
691 2534 904 2621 παράλληλος
930 2533 1026 2622 ἤχθω
1055 2534 1079 2621 ἡ
1104 2546 1188 2625 ΕΚ,

111 2664 147 2713 20
167 2639 222 2708 διὰ
247 2641 284 2708 δὲ
307 2646 375 2709 τῶν
398 2649 439 2727 Β,
458 2647 496 2726 Γ,
516 2651 549 2716 A
572 2647 719 2728 σημείων
742 2645 782 2728 τῇ
802 2648 872 2707 ΑΕ
892 2639 1104 2728 παράλληλοι
1130 2643 1188 2732 ἤχ-

166 2758 285 2816 θωσαν
314 2751 351 2815 αί
376 2755 454 2834 ΖΒ,
476 2753 552 2832 ΓΘ,
578 2753 655 2815 ΔΚ.
701 2747 758 2814 καὶ
786 2747 859 2814 ἐπεί
884 2748 974 2814 ἐστιν
1002 2744 1048 2826 ὡς
1072 2745 1093 2834 ἡ
1120 2748 1205 2818 AB·

166 2853 249 2942 πρὸς
271 2854 334 2942 τὴν
356 2862 429 2942 ΒΓ,
454 2852 560 2934 οὕτως
583 2851 620 2922 τὸ
639 2860 704 2920 ΑΖ
727 2851 1077 2939 παραλληλόγραμμον
1101 2857 1191 2942 πρὸς

166 2960 204 3030 τὸ
223 2969 287 3030 ΒΘ
305 2962 662 3050 παραλληλόγραμμον,
685 2956 729 3038 ὥς
749 2958 786 3027 δὲ
805 2956 826 3045 ἡ
845 2965 912 3026 ΒΓ
930 2957 1014 3046 πρὸς
1030 2960 1094 3046 τὴν
1115 2969 1192 3050 ΓΔ,

168 3067 273 3148 οὕτως
295 3068 333 3136 τὸ
356 3075 422 3136 ΒΘ
449 3067 531 3153 πρὸς
553 3065 583 3134 τέ
614 3072 695 3151 ΓΚ,
728 3063 772 3132 δι’
799 3074 877 3133 ίσου
904 3063 971 3152 ἄρα
998 3062 1042 3144 ὡς
1072 3065 1093 3152 ἡ
1121 3077 1191 3138 ΑΒ

113 3194 148 3242 25
167 3173 250 3259 πρὸς
272 3173 334 3261 την
358 3181 431 3261 ΓΔ,
455 3172 561 3253 οὕτως
583 3170 621 3240 τὸ
640 3178 704 3239 ΑΖ
727 3170 1078 3260 παραλληλόγραμμον
1102 3179 1193 3261 πρὸς

241 3320 282 3369 12.
302 3316 370 3370 Post
388 3334 466 3386 prop.
478 3288 589 3370 'XXXII
608 3333 635 3384 p.
655 3319 698 3382 96,
718 3320 734 3369 8
753 3314 786 3381 V,
806 3330 862 3382 mg.
881 3331 919 3367 m.
937 3329 992 3368 rec.
1011 3313 1042 3369 B.

240 3463 264 3512 3.
283 3456 350 3512 Post
368 3464 420 3512 ΑΔ
439 3455 666 3513 ins,Pm.1V.
729 3462 754 3512 4.
774 3456 964 3527 AA]Aeras.
979 3454 1013 3509 V.
1077 3460 1192 3532 7.τῆς]

168 3529 270 3583 inras.
289 3528 323 3584 V.
396 3528 631 3600 BPJPeeorr.
652 3527 686 3581 V.
760 3531 801 3580 12.
821 3523 853 3581 τὸ
872 3521 942 3597 ὑπό]
961 3526 991 3580 in
1009 3541 1063 3582 ras.
1084 3528 1120 3587 V.

118 3650 191 3663 ,ῥ-
