2474 3908
154 159 197 224 82
539 161 742 215 ΣΤΟῙΧΕΙΩΝ
760 156 787 214 ι’.

154 328 261 389 γωνοι
290 301 432 389 ἀριθμοὶ
456 300 475 370 ὅ
497 328 532 370 τε
555 303 591 369 ἐκ
613 306 682 371 τών
705 310 790 388 ΑΒ,
812 309 879 371 ΒΓ
898 302 953 370 καὶ
978 299 996 370 ὁ
1020 300 1172 372 ἀπὸτοῦ

153 416 238 494 ΓΔ,
266 414 302 477 οἳ
323 410 540 489 συντεθέντες
558 412 696 477 ποιοῦσι
721 409 781 477 τὸν
804 406 870 477 ἀπὸ
892 413 954 478 τοῦ
972 414 1043 476 BA
1060 408 1174 496 τετρώ-

152 541 275 602 γωνον.

221 621 291 689 Καὶ
313 619 476 711 φανερόν,
500 619 552 690 ὅτι
575 619 734 708 εὕρηνται
756 623 857 689 πάλιν
881 619 945 689 δύο
967 619 1172 708 τετράγωνοι

118 751 134 800 5
155 725 174 795 ὕ
197 753 232 795 τε
255 725 322 796 ἀπὸ
343 732 405 797 τοῦ
419 735 488 796 BA
501 729 556 796 καὶ
580 725 599 796 ὁ
622 724 688 796 ἀπὸ
711 732 772 795 τοῦ
786 733 860 812 ΓΔ,
884 725 968 796 ώστε
989 724 1052 812 τὴν
1074 724 1172 812 ὕπερ

154 833 239 921 οχην
263 832 375 904 αὕτών
393 834 453 903 τὸν
470 832 537 903 ὕπὸ
558 841 636 919 ΑΒ,
654 839 722 902 ΒΓ
739 831 826 902 εἶναι
848 832 1071 921 τετράγωνον,
1090 831 1172 902 ὅταν

156 943 192 1008 οἱ
212 947 293 1025 ΑΒ,
318 947 386 1008 ΒΓ
405 939 515 1028 ὅμοιοι
537 933 621 1009 ώσιν
646 943 803 1008 ἐπίπεδοι.
849 943 930 1008 ὅταν
959 939 996 1007 δὲ
1019 937 1064 1026 μὴ
1088 930 1174 1008 ώσιν

155 1043 267 1133 ὅμοιοι
294 1049 457 1129 ἐπίπεδοι,
485 1045 643 1134 εὕρηνται
672 1046 735 1115 θύο
762 1048 966 1134 τετράγωνοι
994 1043 1013 1113 ὕ
1042 1070 1078 1113 τε
1107 1043 1173 1115 ἀπὸ

153 1156 214 1220 τοῦ
243 1159 312 1220 BA
338 1153 394 1220 καὶ
423 1150 441 1221 ὁ
469 1151 534 1221 ἀπὸ
562 1157 624 1221 τοῦ
653 1159 735 1238 ΔΓ,
762 1144 811 1221 ών
838 1150 859 1238 ἡ
886 1150 1033 1240 ὑπεροχὴ
1065 1150 1173 1223 ὁῦττὸ

104 1284 136 1334 10
155 1261 223 1326 τών
246 1264 325 1344 ΑΒ,
348 1264 413 1327 ΒΓ
432 1257 495 1327 οὐκ
518 1265 587 1328 ἔστι
609 1259 830 1348 τετράγωνος·
860 1257 940 1347 ὅπερ
966 1263 1034 1327 ἔδει
1057 1261 1174 1341 δεῖξαι.

587 1476 738 1560 Λῆμμα.

221 1564 348 1682 fii-mcv
377 1593 439 1663 δύο
467 1596 697 1685 τετραγώνους
725 1595 909 1685 ἀριθμούς,
938 1595 1022 1666 ώστε
1048 1594 1110 1664 τὸν
1140 1598 1174 1678 ἐξ

154 1696 268 1768 αὐτῶν
291 1707 510 1788 συγκείμενον
533 1700 578 1789 μὴ
603 1699 690 1771 εἶναι
712 1703 932 1790 τετράγωνον.

211 1807 327 1874 Ἔστω
351 1806 415 1897 γὰρ
440 1806 458 1877 ὁ
482 1812 518 1878 ἐκ
539 1813 609 1878 τών
631 1818 710 1895 AB,
729 1816 803 1898 ΒΓ,
828 1807 873 1889 ὡς
896 1814 1039 1897 ἔφαμεν,
1061 1808 1175 1897 τετρώ-

101 1941 135 1990 15
153 1939 277 2000 γωνος,
305 1913 361 1980 καὶ
389 1914 503 2003 ἄρτιος
530 1914 549 1983 ὁ
572 1922 652 2003 ΓΑ,
679 1917 736 1984 καὶ
764 1914 941 2004 τετμήσθω
965 1916 983 1982 ὁ
1006 1921 1072 1984 ΓΑ
1095 1919 1176 2003 δίχα

152 2023 198 2111 τῷ
214 2028 256 2087 A.
287 2021 437 2111 φανερὸν
462 2021 516 2110 δή,
540 2021 591 2090 ὅτι
610 2025 629 2091 ὁ
649 2024 684 2091 ἐκ
705 2027 775 2093 τών
788 2030 865 2110 ΑΒ,
880 2029 947 2091 ΒΓ
964 2021 1176 2111 τετράγωνος

155 2127 235 2214 μετὰ
259 2132 321 2197 τοῦ
344 2125 409 2198 ιἰτιὸ
430 2135 517 2214 [τοῦ]
536 2135 600 2198 ΓΔ
617 2129 830 2219 τετραγώνου
854 2138 927 2210 ἴσος
950 2129 1019 2198 ἐστὶ
1041 2131 1087 2220 τῷ
1108 2125 1176 2197 ἀπὸ

154 2237 241 2319 [τοῦ]
270 2242 339 2302 BA
366 2235 572 2326 τετραγώνῳ.
618 2234 807 2325 ἀφῃρήσθω
841 2235 947 2324 μονὰς
979 2233 1107 2322 ME·
1155 2233 1175 2304 ὁ

153 2338 219 2426 ἄρα
239 2341 359 2408 ἐκτῶν
376 2348 453 2426 ΑΒ,
473 2346 542 2407 ΒΓ
556 2340 637 2426 μετὰ
660 2345 722 2410 τοῦ
741 2339 808 2410 ἀπὸ
829 2346 917 2426 [τοῦ]
937 2348 1001 2409 ΓΕ
1017 2341 1176 2409 ἐλάσσων

100 2476 134 2524 20
155 2446 223 2513 ἐστὶ
247 2455 309 2513 τοῦ
331 2442 397 2513 ἀπὸ
422 2450 509 2531 [τοῦ]
534 2454 602 2514 BA
624 2447 845 2536 τετραγώνου.
892 2450 977 2534 λέγω
1007 2440 1087 2533 οὖν,
1122 2446 1176 2516 ὅτι

154 2548 172 2620 ὁ
193 2552 227 2619 ἐκ
247 2554 315 2619 τών
334 2558 411 2637 ΑΒ,
425 2557 491 2620 ΒΓ
504 2552 712 2640 τετράγωνος
732 2551 812 2641 μετὰ
835 2565 896 2622 τοῦ
921 2552 985 2623 ἀπὸ
1007 2559 1095 2639 [τοῦ]
1110 2560 1178 2623 ΓΕ

154 2654 216 2725 οὐκ
241 2662 332 2725 ἔσται
353 2657 568 2745 τετράγωνος.

221 2768 266 2831 El
289 2766 352 2851 γὰρ
381 2770 472 2833 ἔσται
500 2764 725 2852 τετράγωνος,
753 2764 827 2853 ἤτοι
851 2776 925 2848 ἴσος
947 2767 1016 2835 ἐστὶ
1038 2777 1085 2859 τῷ
1109 2764 1178 2837 ἀπὸ

155 2875 243 2956 [τοῦ]
268 2867 375 2958 3Εῆ
405 2872 556 2940 ἐλάσσων
585 2876 646 2940 τοῦ
674 2870 739 2940 ἀπὸ
768 2876 864 2959 [τοῦ]
893 2880 971 2960 ΒΕ,
1000 2870 1112 2942 οὐκέτι
1137 2873 1177 2942 δὲ

225 3089 250 3140 2.
271 3085 373 3140 ποιῶσι
390 3084 424 3153 V,
445 3085 495 3140 sed
514 3102 583 3140 corr.
666 3085 737 3156 BA]
758 3102 913 3156 suprascr.
933 3104 969 3140 m.
990 3093 1004 3140 1
1024 3085 1054 3140 F.
1128 3105 1176 3141 τε·

154 3153 301 3242 τραγώνοο
320 3155 351 3224 Γ,
371 3156 420 3210 sed
438 3172 507 3211 corr.
553 3163 578 3211 4.
597 3155 775 3227 Mg.add.w
795 3157 851 3224 Bb,
869 3157 1035 3212 ΜΡΝ.
1086 3153 1176 3211 πάλιν

153 3246 293 3296 ηνρηνται
318 3227 348 3281 F.
435 3222 573 3296 ηὕρηνται
596 3229 656 3283 Vb.
742 3225 904 3298 τετράγωνα
929 3228 966 3297 Ρ,
994 3245 1064 3284 corr.
1090 3245 1129 3283 m.
1150 3235 1176 3282 1.

191 3304 215 3353 5.
236 3293 264 3369 ὃ]
285 3298 358 3367 (alt.)
377 3313 431 3352 om.
451 3298 481 3352 P.
542 3305 568 3353 6.
586 3294 648 3369 τόν]
668 3294 720 3368 τήν
739 3298 800 3354 FV.
858 3294 916 3353 ὑπὸ
935 3301 991 3354 τών
1011 3301 1044 3354 V.
1105 3301 1174 3372 ΑΒ]

154 3375 176 3423 Β
195 3370 247 3423 ins.
267 3387 303 3423 m.
324 3375 340 3422 2
360 3368 389 3422 P.
462 3367 639 3439 τετράγωνον
659 3367 735 3425 εἷναι
752 3371 783 3425 Β.
856 3376 881 3426 8.
905 3364 1044 3439 ηὕρηνται
1062 3370 1127 3433 Vb,
1145 3376 1177 3425 et

155 3447 223 3494 corr.
243 3456 278 3494 ex
297 3435 430 3508 εὕρηνται
448 3457 484 3493 m.
501 3445 517 3493 2
536 3440 565 3495 F.
640 3449 664 3497 9.
684 3437 712 3512 ὁ]
734 3458 788 3495 om.
809 3443 838 3497 P.
913 3446 968 3496 ΓΔ
986 3440 1075 3498 BFV.
1141 3438 1175 3514 ἡ]

155 3527 208 3565 om.
227 3509 254 3566 b.
330 3517 371 3566 10.
391 3512 458 3582 ΑΒ]
479 3516 500 3563 Α
519 3512 550 3567 P.
622 3513 696 3569 Ante
715 3507 785 3582 ὅπερ
804 3513 868 3568 add.
888 3508 903 3567 ὁ
923 3509 979 3583 ἄρα
997 3515 1027 3568 Ρ.
1102 3508 1175 3581 ὅπερ
