2474 3908
148 183 190 248 68
534 132 736 233 momina]
755 175 782 232 ι’.

148 328 239 394 ἐστιν
264 324 309 403 ὡς
331 321 369 390 τὸ
392 327 459 389 ΕΓ
478 318 564 409 πρὸς
585 317 623 389 τὸ
643 326 720 404 ΓΖ,
744 317 851 400 οὕτως
873 315 894 405 ή
913 324 982 386 ΕΔ
999 315 1084 404 πρὸς
1106 318 1169 404 τὴν

149 438 228 498 ΛΖ·
253 429 439 516 σύμμετρος
460 426 528 514 άρα
551 426 641 495 ἐστὶν
661 424 681 512 ἡ
703 433 772 493 ΕΔ
794 428 833 514 τῇ
856 432 922 493 ΔΖ
946 423 1050 511 μήκει.
1083 422 1168 510 ῥητή

150 537 191 604 δέ
216 539 306 606 ἐστιν
334 533 355 621 ἡ
380 542 449 602 ΕΔ
476 535 531 602 καὶ
560 530 771 620 άσάμμετρος
792 536 832 620 τῇ
857 537 928 600 ΔΓ
946 530 1056 618 μήκει·
1084 529 1169 617 ῥητή

150 642 215 732 άρα
239 643 309 711 ἐστὶ
332 642 388 709 καὶ
410 641 431 728 ή
452 648 518 708 ΔΖ
541 641 597 708 καὶ
620 637 830 725 ἀσύμμετρος
851 643 891 727 τή
911 644 982 706 ΔΓ
1000 636 1110 726 μήκει·
1133 639 1173 705 αλ

115 756 232 834 σΓΛ,
262 756 328 815 ΛΖ
356 747 422 832 άρα
450 750 551 833 ῥηταί
575 750 639 814 εἰσι
668 743 811 831 δυνάμει
839 743 947 831 μόνον
976 743 1171 830 σύμμετροι.

150 853 171 942 ἡ
196 856 234 923 δὲ
256 853 294 924 τὸ
319 851 384 923 ὑπὸ
408 856 520 939 ῥητῶν
544 852 686 938 δυνάμει
710 849 819 938 μόνον
842 851 1039 939 συμμέτρων
1063 853 1170 918 δυνα-

151 961 234 1048 μένη
258 962 341 1049 μέση
365 963 465 1030 ἐστίν.
501 957 613 1047 ήάρα
634 957 673 1026 τὸ
696 956 762 1026 ὑπὸ
785 961 854 1026 τῶν
873 964 951 1044 ΓΛ,
975 964 1042 1025 ΔΖ
1066 960 1172 1024 δυνα-

111 1063 115 1070 ’
151 1070 234 1157 μένη
263 1067 346 1156 μέση
375 1068 478 1136 ἐστίν·
506 1067 563 1134 καὶ
587 1065 728 1134 δύναται
753 1063 791 1133 τὸ
814 1061 882 1133 ὑπὸ
903 1068 973 1132 τῶν
996 1070 1078 1148 ΓΔ,
1103 1071 1137 1131 Δ
1144 1070 1173 1131 Ζ

152 1172 173 1262 ή
193 1183 234 1243 Β·
258 1177 341 1263 μέση
365 1173 432 1262 άρα
456 1174 546 1242 ἐστὶν
570 1170 590 1260 ή
616 1181 653 1241 Β.

101 1430 134 1480 10
569 1385 758 1469 Πόρισμα.

217 1507 272 1576 Ἐκ
301 1506 342 1594 δή
373 1507 495 1576 τούτου
523 1506 691 1595 φανερόν,
724 1504 774 1576 ὅτι
802 1506 840 1575 τὸ
868 1510 913 1597 τῷ
941 1507 1030 1596 μέσῳ
1058 1511 1173 1596 χωρίῳ

155 1614 344 1702 σύμμετρον
372 1614 475 1701 μέσον
506 1618 596 1681 ἐστίν
621 1614 800 1698 [δύνανται
826 1611 891 1701 γάρ
919 1609 1003 1680 αὐτά
1027 1608 1174 1698 εὐθεῖαι,

154 1723 191 1789 αἳ
208 1723 272 1788 εἰσι
291 1719 434 1806 δυνάμει
453 1718 647 1806 σύμμετροι,
672 1711 721 1787 ὦν
739 1717 760 1806 ή
780 1719 876 1806 ἑτέρα
895 1721 991 1821 μέση·
1012 1718 1174 1786 ὥστεκαὶ

155 1826 175 1914 ἡ
199 1826 298 1912 λοιτιή
322 1827 404 1912 μέση
429 1829 542 1910 έστίν].

104 1960 137 2008 15
217 1930 389 2013 Ὡσαύτως
417 1932 455 2001 δὲ
482 1946 552 2012 τοῖς
580 1933 633 2000 ἐπὶ
664 1935 733 2000 τῶν
762 1933 873 2019 ῥητῶν
902 1933 1090 2021 εἰρημένοις
1116 1933 1175 2001 καὶ

154 2040 298 2108 ἐπὶτῶν
321 2040 432 2127 μέσων
456 2042 688 2125 ἐξακολουθεῖ,
717 2037 778 2124 τήν
801 2041 840 2127 τῇ
864 2039 947 2127 μέση
971 2037 1067 2128 μήκει
1091 2039 1175 2126 σύμ-

154 2171 276 2234 μετρον
296 2148 454 2233 λέγεσθαι
473 2147 597 2233 μέσην
615 2145 671 2212 καὶ
690 2143 880 2233 σύμμετρον
901 2143 984 2233 αὐτῇ
1003 2143 1174 2232 μὴμόνον

155 2254 266 2340 μήκει,
290 2251 375 2320 άλλά
398 2253 454 2320 καὶ
474 2254 630 2339 δυνάμει,
655 2252 830 2338 ἐπειδήπερ
849 2249 1002 2320 καθόλου
1021 2254 1058 2319 αλ
1075 2251 1175 2340 μήκει

155 2358 336 2447 σύμμετροι
359 2357 495 2437 πάντως
514 2358 570 2425 καὶ
594 2357 743 2444 δυνάμει.
778 2355 836 2425 ἐὰν
860 2358 897 2425 δέ
920 2368 959 2448 τῇ
984 2359 1066 2447 μέση
1091 2358 1176 2446 σύμ-

103 2491 137 2540 20
157 2463 274 2552 μετρός
296 2489 346 2544 τις
368 2456 389 2553 ᾖ
414 2463 571 2553 δυνάμει,
594 2468 626 2531 ελ
647 2463 709 2551 μὲν
731 2464 786 2532 καὶ
810 2463 922 2552 μήκει,
945 2465 1100 2550 λέγονται
1117 2466 1176 2532 καὶ

156 2567 263 2650 οὕτως
292 2572 389 2656 μέσαι
412 2570 467 2638 καὶ
492 2569 674 2661 σύμμετροι
698 2570 793 2658 μήκει
817 2571 873 2638 καὶ
897 2569 1054 2658 δυνάμει,
1083 2574 1121 2638 ελ
1138 2570 1177 2640 δὲ

156 2678 296 2764 δυνάμει
326 2674 449 2764 μόνον,
477 2677 632 2763 λέγονται
661 2677 759 2766 μέσαι
788 2675 929 2762 δυνάμει
958 2675 1066 2763 μόνον
1095 2676 1176 2763 σάμ-

155 2809 276 2871 μετροι.

157 2911 370 2920 ————.——-

225 2967 251 3014 4.
271 2954 347 3015 ἐστίν
365 2961 422 3016 PB.
495 2964 521 3014 ὅ.
541 2956 613 3014 εἰσιν
632 2960 689 3014 ΡΒ.
755 2955 815 3028 δή
837 2958 869 3014 δὲ
889 2956 934 3050 τά]
953 2954 986 3014 τὸ
1005 2958 1037 3014 δὲ
1056 2958 1177 3016 BFVb.

190 3030 258 3085 Ροελ
276 3029 440 3101 συμμέτρων
459 3029 524 3086 add.
546 3025 669 3086 εάδειοῖν
689 3026 894 3102 περιεχόμενον
913 3029 1094 3102 ορδογάνιον
1109 3025 1177 3086 άλο-

155 3097 207 3169 ηόν
227 3097 285 3156 ἐστι
303 3103 357 3156 καί
371 3102 399 3172 b,
417 3102 439 3155 F
458 3120 486 3155 m
509 3119 571 3157 .m.
592 3109 616 3172 1,
635 3102 758 3168 Vm.2;
777 3101 879 3157 deinde
900 3119 957 3188 seq.
977 3096 1048 3155 αὐτὸ
1068 3097 1177 3172 άλοηόν

157 3168 224 3238 ἐστι,
243 3173 387 3227 καλείσθω
402 3169 434 3226 δέ
448 3172 475 3240 b,
488 3120 512 3226 F
526 3189 583 3241 mg.
593 3192 630 3228 m.
643 3179 673 3241 13
692 3170 710 3243 ἡ
725 3171 871 3244 δυναμένη
886 3169 957 3228 αὐτο
972 3167 1075 3242 άλογός
1090 3168 1179 3241 ἐστιν,

156 3246 286 3296 καλεῖται
308 3240 341 3296 δὲ
365 3241 435 3312 μέση
463 3243 545 3300 Vm.
564 3249 590 3301 2.
671 3239 689 3312 ἡ
714 3242 860 3315 δυναμένη
886 3244 973 3311 BFb‚
1002 3244 1032 3298 οδ
1059 3242 1086 3298 V
1109 3243 1178 3311 (del.

156 3313 288 3383 punctis).
344 3320 368 3368 7.
388 3313 470 3385 μέση]
489 3330 642 3383 suprascr.
661 3314 691 3371 F.
746 3314 816 3386 μέση
837 3310 923 3386 ἐστίν]
944 3314 1056 3384 punctis
1070 3314 1127 3371 del.
1143 3316 1178 3370 V.

192 3379 223 3454 ἡ]
243 3388 312 3439 m.2
330 3383 362 3437 Β.
413 3381 571 3456 δυναμένη]
591 3381 714 3455 δυνάμει
728 3381 746 3453 ἡ
761 3386 789 3440 b.
839 3391 865 3441 8.
885 3382 947 3442 έστί
964 3385 1020 3454 Vb,
1039 3400 1132 3455 comp.
1146 3386 1178 3440 F.

192 3461 217 3510 9.
236 3451 254 3522 ή
273 3455 307 3526 Β]
328 3454 426 3523 (prius)
446 3459 501 3509 ΗΒ
520 3456 573 3510 Bb.
652 3462 694 3511 12.
715 3455 776 3511 ἐστι
790 3456 852 3525 BV,
871 3472 963 3526 comp.
982 3456 1012 3512 F.
1086 3452 1176 3529 οιάτά]

157 3521 205 3580 -τά
224 3525 254 3580 in
272 3541 326 3580 ras.
348 3524 381 3596 V,
401 3521 477 3600 αὐτῷ
496 3526 527 3594 F,
549 3521 618 3581 αὐτό
638 3525 672 3582 αλ
686 3527 720 3598 Β,
738 3525 772 3581 αλ
787 3529 850 3583 add.
866 3547 903 3583 m.
918 3534 934 3582 2
949 3526 983 3583 V.
1042 3534 1085 3585 13.
1105 3527 1178 3584 εἰσιν
