2474 3908
390 186 665 238 nnauauroauu
682 185 791 236 niara
809 185 842 237 x,
1057 180 1121 245 277

108 327 271 410 LXXIII}
317 333 350 393 et
372 331 444 393 tota
467 331 543 393 ΑΗ
560 327 716 394 rationali
740 326 928 412 propositae
951 329 1020 390 ΑΓ
1040 348 1124 392 com-

108 434 337 500 mensurabilis
352 439 412 519 est,
431 438 464 498 et
478 441 510 499 A
514 436 554 498 H
563 434 722 519 quadrata
737 433 862 499 excedit
875 434 950 496 HA
964 433 1124 518 quadrato

108 546 216 607 rectae
240 542 304 607 sibi
326 541 529 626 longitudine
553 540 855 605 commensurabilis
879 539 966 620 [deff.
984 543 1059 606 tert.
1079 542 1123 621 1].

107 650 217 733 itaque
243 650 271 713 si
294 651 431 733 quartae
453 647 541 732 parti
564 647 715 732 quadrati
738 645 829 712 ΔΗ2
858 648 992 731 aequale
1015 650 1124 711 reatae

108 758 184 820 AH
204 754 386 838 adplicatur
409 753 552 838 spatium
575 753 682 838 figura
710 752 868 838 quadrata
894 753 1062 837 deficiens,
1088 751 1125 816 in

107 864 218 945 partes
256 859 566 926 commensurabiles
603 880 675 924 eam
713 858 829 923 diuidit
867 863 971 944 [prop.
1004 857 1124 939 xviia

108 970 233 1032 secetur
253 970 330 1030 ΛΗ
343 966 378 1029 in
397 964 476 1029 duas
495 967 605 1049 partes
626 967 777 1049 aequales
795 965 830 1029 in
849 969 889 1048 Ε,
914 968 947 1029 et
965 964 1124 1048 quadrato

107 1071 194 1137 ΕΗἲ
223 1073 356 1157 aequale
388 1073 496 1135 rectae
525 1073 603 1135 ΑΗ
631 1070 810 1155 adplicetur
843 1071 985 1155 spatium
1017 1070 1125 1154 figura

109 1177 268 1262 quadrata
290 1177 451 1256 deficiens,
475 1179 508 1241 et
531 1176 575 1240 sit
596 1182 629 1240 A
635 1179 804 1245 Z><ZH.
837 1177 947 1260 itaque
966 1179 1042 1258 AZ,
1058 1178 1130 1239 ΖΗ

108 1283 418 1349 commensurabiles
442 1287 527 1348 sunt.
565 1286 598 1346 et
621 1304 678 1366 per
701 1286 822 1367 puncta
845 1288 884 1365 Ε,
904 1286 942 1365 Ζ,
961 1286 997 1346 H
1018 1287 1125 1347 rectae

107 1393 177 1454 ΑΓ
195 1391 371 1474 parallelae
395 1391 555 1454 ducantur
577 1392 651 1471 ΕΘ,
671 1392 734 1471 ΖΙ,
758 1392 839 1454 ΗΚ.

176 1501 209 1560 et
232 1496 387 1580 quoniam
405 1501 437 1559 A
444 1499 482 1577 Z,
502 1497 572 1558 ΖΗ
591 1494 797 1579 longitudine
815 1494 1126 1560 commensurabiles

109 1605 192 1685 sunt,
216 1602 315 1665 etiam
334 1603 411 1666 ΑΗ
425 1597 553 1686 utrique
572 1603 647 1683 ᾹΖ,
669 1604 738 1665 ΖΗ
754 1600 1057 1666 commensurabilis
1076 1598 1130 1666 est

110 1710 217 1791 [prop.
239 1706 325 1787 XV].
371 1729 484 1771 uerum
507 1709 593 1789 ΑΗ,
617 1709 687 1773 ΑΓ
710 1707 1017 1772 commensurabiles
1041 1709 1126 1772 sunt.

111 1834 210 1898 quare
235 1813 333 1877 etiam
356 1817 494 1896 utraque
520 1817 593 1895 AZ,
612 1815 686 1876 ΖΗ
703 1817 809 1878 rectae
833 1817 903 1878 ΑΓ
920 1812 1125 1896 longitudine

112 1919 415 1984 commensurabilis
444 1921 495 1982 est
524 1920 633 2002 [prop.
656 1917 749 2000 ΧΠ].
800 1921 833 1983 et
859 1921 930 1982 ΑΓ
952 1919 1125 1984 rationalis

110 2030 170 2092 est.
225 2047 324 2110 quare
357 2025 456 2109 etiam
488 2027 626 2107 utraque
658 2028 741 2107 AZ,
770 2028 834 2088 ΖΗ
864 2024 1034 2090 rationalis
1067 2028 1126 2089 est.

109 2133 218 2216 itaque
243 2132 341 2195 etiam
364 2133 537 2213 utrumque
559 2134 627 2212 AI,
652 2133 719 2195 ΖΚ
740 2130 898 2195 rationale
922 2134 973 2196 est
997 2130 1041 2211 [V
1042 2129 1068 2216 Ι,
1093 2132 1125 2216 13

109 2261 200 2323 prop.
214 2237 285 2318 ΧΠ,
323 2242 356 2302 et
374 2237 527 2322 quoniam
550 2241 628 2320 ΔΕ,
649 2241 719 2302 ΕΗ
740 2237 944 2323 longitudine
963 2257 1126 2301 commen-

111 2345 269 2410 surabiles
285 2347 370 2428 sunt,
388 2343 487 2408 otiam
502 2347 580 2408 ΔΗ
593 2343 722 2429 utrique
741 2348 775 2407 Δ
780 2348 820 2428 Ε,
834 2348 908 2409 ΕΗ
921 2342 1127 2428 longitudine

111 2451 415 2517 commensurabilis
430 2452 481 2515 est
496 2453 601 2535 [prop.
615 2450 701 2533 XV].
733 2472 847 2516 uerum
862 2452 940 2516 ΔΗ
953 2448 1125 2515 rationalis

109 2563 160 2623 est
181 2561 213 2623 et
226 2562 333 2623 rectae
347 2560 417 2622 ΑΓ
430 2557 635 2642 longitudine
650 2557 995 2624 incommensurabilis.
1026 2576 1126 2641 quare

109 2664 209 2728 etiam
232 2669 369 2748 utraque
394 2667 478 2746 ΛΕ,
501 2667 577 2728 ΕΗ
600 2665 770 2730 rationalis
801 2668 852 2730 est
874 2668 908 2729 et
930 2667 1039 2729 rectae
1062 2662 1131 2726 ΑΓ

109 2769 315 2851 longitudine
351 2770 693 2835 incommensurabilis
731 2773 841 2856 [prop.
878 2768 988 2850 XHI].
1047 2788 1126 2852 ergo

113 2878 286 2959 utrumque
310 2878 387 2959 ΔΘ,
410 2878 479 2939 ΕΚ
499 2875 641 2940 medium
664 2879 715 2941 est
739 2879 845 2962 [prop.
867 2874 953 2954 XX].

177 2984 318 3064 ponatur
348 2980 452 3066 igitur
485 2981 678 3065 quadratum
710 2985 791 3046 AM
800 3011 842 3035 ==
857 2984 928 3064 AI,
961 2984 994 3044 et
1021 2979 1126 3063 spatio

113 3090 181 3151 ΖΚ
201 3086 335 3171 aequale
359 3085 525 3151 auferatur
548 3086 741 3171 quadratum
760 3091 799 3152 N
800 3085 830 3160 Ξ
850 3107 1054 3152 communem
1074 3106 1128 3149 an·
1168 3108 1173 3117 ·

111 3193 224 3278 gulum
256 3191 381 3257 habens
414 3195 538 3256 ΛΟΜ.
600 3192 709 3278 itaque
743 3192 901 3277 quadrata
937 3196 1028 3275 ΛΜ,
1061 3190 1131 3266 ΝΞ

112 3384 170 3452 PF,
189 3385 244 3439 τῶν
258 3387 398 3455 (10,οΜ
413 3385 468 3440 Bb.
523 3389 566 3439 23.
587 3380 657 3458 ἐστι]
677 3383 780 3443 sloaV.
835 3385 1009 3456 τετράγωνα]
1025 3402 1078 3442 om.
1093 3385 1127 3439 V.

149 3452 256 3579 mavul]
277 3457 307 3511 in
325 3472 379 3511 ras.
398 3455 432 3510 V.
505 3457 579 3526 τῶν]
598 3475 635 3512 m.
656 3463 672 3511 2
691 3457 722 3512 F.
795 3455 1015 3527 περιεχόμενον]
1034 3475 1079 3509 -ον
1097 3453 1128 3507 in

109 3540 163 3580 ras.
210 3567 216 3581 .
