2474 3908
131 153 197 218 394
546 158 734 210 mmm.

130 295 342 383 παράλληλος
360 295 456 384 ἤχθω
475 295 496 383 ἡ
518 303 588 365 ΕΖ.
625 294 776 384 φανερὸν
801 290 876 382 οὖν,
900 296 950 366 ὅτι
974 295 1019 378 ὡς
1038 296 1059 384 ἡ
1079 308 1112 366 Α
1119 308 1150 366 Ε

130 402 215 485 πρὸς
237 402 299 489 τὴν
319 410 393 488 ΕΒ,
418 400 524 482 οὕτως
541 401 579 470 τὸ
598 411 631 470 Α
637 409 663 469 Ζ
688 402 1039 491 παραλληλόγραμμον
1065 405 1149 493 πρὸς

131 506 169 576 τὸ
195 515 254 576 ΖΒ
277 509 653 596 παραλληλόγραμμον.>
681 514 740 575 καί
765 511 835 576 ἐστι
862 510 900 577 τὸ
928 509 990 597 μὲν
1013 514 1081 578 AZ
1109 511 1147 580 τὸ

131 610 196 681 ὑπὸ
219 618 289 682 τῶν
306 623 385 702 BA,
404 623 485 683 ΑΕ·
513 624 568 701 ίση
588 613 651 701 γὰρ
675 613 784 702 ἡΑΓ
802 620 842 703 τῇ
862 623 940 683 AB·
968 614 1006 683 τὸ
1027 616 1065 684 δὲ
1085 624 1147 685 ΖΒ

95 718 167 795 ιτὸ
191 717 258 789 ὑπὸ
280 725 348 788 τῶν
367 729 444 808 ΑΒ,
464 729 540 790 ΒΕ·
564 729 619 808 ίση
643 721 708 809 γὰρ
726 719 747 807 ἡ
767 729 833 789 ΒΔ
851 732 890 808 τῇ
910 729 985 789 ΑΒ.
1016 719 1062 802 ὡς
1081 724 1148 811 ἄρα

130 823 245 911 ἡΑΕ
274 827 357 916 πρὸς
383 828 446 915 τὴν
470 836 548 913 ΕΒ,
581 825 687 906 οὕτως
713 826 752 894 τὸ
780 825 847 896 ὑπὸ
876 837 944 896 τῶν
973 835 1055 912 BA,
1080 837 1150 896 ΑΕ

130 932 213 1019 πρὸς
235 932 273 1002 τὸ
296 933 362 1002 ὑπὸ
385 938 453 1002 τῶν
476 941 553 1019 AB,
575 940 653 1000 ΒΕ·
682 931 761 1019 ὅπερ
786 936 854 1000 ἔδει
879 933 994 1013 δείξαι.

614 1078 663 1142 15.

441 1166 493 1231 Ad
515 1166 587 1231 libr.
609 1165 639 1230 X
664 1186 756 1250 prop.
780 1165 832 1230 34.

562 1272 713 1356 Λῆμμα.

196 1392 274 1461 Ἐὰν
298 1385 361 1462 ὦσι
380 1393 443 1462 δύο
465 1390 597 1462 εὐθεῖαι
615 1390 740 1479 ἄνισοι,
759 1396 871 1482 τμηθῇ
895 1393 932 1461 δὲ
950 1390 971 1479 ἡ
991 1394 1148 1480 ἐλαχίστη

80 1526 113 1574 10
132 1497 244 1567 αὐτῶν
275 1503 322 1578 είς
349 1508 420 1585 ίσα,
451 1497 490 1566 τὸ
519 1496 584 1566 ὑπὸ
613 1502 681 1565 τῶν
710 1497 774 1566 δύο
798 1495 944 1567 εὐθειῶν
967 1500 1149 1567 διπλάσιον

131 1609 222 1671 ἔσται
241 1608 302 1670 τοῦ
320 1608 380 1690 τῆς
401 1609 552 1688 μείζονος
569 1604 625 1671 καὶ
643 1608 702 1690 τῆς
720 1601 872 1692 ἡμισείας
889 1608 947 1690 τῆς
966 1606 1149 1692 ἐλαχίστης.

188 1708 364 1778 Ἔστωσαν
379 1711 442 1778 δύο
457 1707 587 1779 εὐθεῖαι
602 1709 714 1778 ίίνισοι
730 1713 767 1776 αλ
780 1718 855 1795 AB,
870 1716 943 1795 ΒΓ,
962 1702 1011 1778 ὧν
1026 1716 1149 1797 μείζων

132 1821 214 1884 ἔστω
243 1813 264 1903 ἡ
288 1824 369 1903 AB,
397 1818 452 1885 καὶ
479 1816 655 1904 τετμήσθω
683 1814 704 1902 ἡ
731 1822 798 1884 ΒΓ
822 1819 899 1904 δίχα
927 1815 1008 1884 κατὰ
1036 1815 1075 1886 τὸ
1102 1826 1148 1884 A·

131 1925 232 2010 λέγω,
261 1921 313 1990 ὅτι
339 1921 377 1992 τὸ
404 1921 470 1993 ὑπὸ
499 1928 568 1993 τῶν
591 1931 673 2009 AB,
696 1929 763 1990 ΒΓ
787 1923 968 1992 διπλάσιόν
991 1925 1061 1991 ἐστι
1084 1927 1147 1992 τοῦ

79 2055 113 2104 15
132 2027 198 2098 ὑπὸ
220 2034 288 2098 τῶν
313 2038 388 2116 ΑΒ,
412 2039 489 2099 ΒΔ.

189 2134 308 2222 Ἤχθω
331 2134 395 2225 γὰρ
415 2136 481 2205 ἀπὸ
500 2141 562 2205 τοῦ
580 2144 609 2204 Β
633 2141 773 2223 σημείου
791 2139 832 2224 τῇ
851 2143 918 2204 ΒΓ
936 2134 1018 2224 πρὸς
1038 2134 1150 2221 ὀρθὰς

131 2244 152 2330 ἡ
181 2250 261 2328 ΒΕ,
292 2243 348 2309 καλ
380 2248 506 2311 κείσθω
538 2254 578 2332 τῇ
611 2250 677 2311 BA
709 2250 764 2328 ίση
797 2239 818 2328 ἡ
851 2251 931 2329 BE,
961 2242 1018 2310 καὶ
1050 2269 1150 2310 κατα-

131 2348 316 2439 γεγράφθω
339 2346 377 2416 τὸ
400 2354 517 2436 σχῆμα.
563 2349 633 2416 ἐπεὶ
659 2340 722 2417 οὖν
746 2350 836 2415 ἐστιν
860 2345 905 2429 ὡς
927 2346 948 2436 ἡ
974 2357 1039 2417 AB
1063 2347 1150 2437 πρὸς

131 2455 194 2542 τὴν
219 2462 302 2541 ΔΓ,
334 2453 440 2536 οὕτως
462 2456 499 2524 τὸ
522 2462 585 2522 ΒΖ
608 2453 691 2542 πρὸς
717 2452 756 2522 τὸ
780 2459 868 2540 AH,
896 2456 1058 2523 συνθέντι
1081 2455 1150 2543 ίίρα

77 2587 113 2635 20
132 2559 177 2641 ὡς
199 2558 220 2647 ἡ
244 2566 310 2628 ΒΓ
329 2559 412 2646 πρὸς
429 2558 492 2647 τὴν
514 2566 591 2646 ΔΓ,
616 2556 723 2640 οὕτως
744 2556 783 2628 τὸ
803 2566 875 2627 ΒΗ
893 2557 977 2648 πρὸς
998 2559 1036 2628 τὸ
1062 2568 1149 2628 ΔΗ·

134 2670 318 2734 διπλασίων
353 2666 392 2731 (λε’
422 2667 512 2732 ἐστιν
539 2662 561 2750 ἡ
588 2671 654 2732 ΒΓ
677 2668 734 2751 τῆς
757 2671 836 2733 ΔΓ
875 2663 1054 2732 διπλάσιον
1082 2663 1150 2753 ἄρα

132 2773 201 2842 ἐστὶ
228 2772 284 2840 καὶ
310 2769 348 2839 τὸ
372 2778 445 2838 ΒΗ
467 2775 529 2839 τοῦ
554 2778 633 2838 ΔΗ.
680 2778 739 2838 καί
764 2773 833 2839 ἐστι
859 2775 897 2840 τὸ
927 2772 989 2858 μὲν
1012 2779 1086 2839 ΒΗ
1110 2772 1149 2840 τὸ

130 2876 197 2948 ὑπὸ
224 2882 291 2947 τῶν
320 2885 401 2964 AB,
425 2883 499 2946 ΒΓ·
537 2886 591 2964 ίση
620 2877 684 2965 γὰρ
712 2874 732 2964 ἡ
761 2885 827 2945 ΑΒ
856 2882 895 2965 τη
925 2885 1001 2945 ΒΕ·
1038 2877 1076 2946 τὸ
1112 2879 1150 2947 δὲ

133 2993 210 3053 ΔΗ
223 2983 261 3054 τὸ
279 2982 345 3053 ὑπὸ
364 2989 431 3053 τῶν
445 2992 522 3070 ΑΒ,
537 2991 617 3051 ΒΔ·
642 2994 696 3070 ίση
720 2981 784 3070 γὰρ
806 2987 847 3072 τῇ
865 2983 928 3071 μὲν
942 2991 1010 3051 ΒΔ
1028 2983 1049 3070 ἡ
1069 2992 1149 3071 ΔΓ,

78 3116 113 3165 25
132 3097 172 3180 τῇ
196 3092 233 3159 δὲ
256 3098 321 3158 ΑΒ
345 3088 366 3178 ἡ
392 3099 469 3159 ΔΖ·
499 3089 579 3181 ὅπερ
604 3095 671 3159 ἔθει
695 3091 809 3171 δείξαι.
906 3104 908 3108 “

208 3239 248 3290 15.
272 3233 342 3288 Post
363 3249 443 3304 prop.
463 3232 579 3288 XXXIV
602 3252 630 3303 p.
652 3237 717 3300 104,
736 3238 751 3286 9
770 3231 809 3299 V,
832 3249 889 3302 mg.
908 3249 944 3287 m.
964 3247 1018 3287 rec.
1038 3233 1061 3286 B
1085 3234 1151 3302 (uix

133 3303 192 3372 legi
210 3304 325 3373 potest).

205 3435 231 3484 4.
252 3429 313 3500 ZB]
333 3431 382 3482 BZ
400 3426 433 3483 B.
505 3433 528 3482 ὅ.
547 3429 616 3499 τῶν]
636 3444 688 3482 om.
709 3427 741 3481 V.
798 3427 860 3498 ΑΒ]
881 3427 979 3497 (prius)
999 3443 1100 3484 ecorr.
1117 3429 1152 3486 V.

168 3496 586 3571 8.λῆμμαποοχραφόμενονΒ.
639 3504 680 3553 19.
691 3495 755 3569 τη’ν]
768 3513 822 3552 om.
833 3499 865 3553 V.
917 3504 960 3553 21.
976 3499 1043 3570 ΔΓ]
1057 3501 1149 3555 ΓΔΒ.
