2474 3908
43 172 107 240 102
429 174 630 227 Συοῑεεεαω
649 168 678 230 ι’.

108 313 281 403 Εὕρηνται
318 313 383 402 άρα
416 314 479 382 δύο
512 313 644 383 εὐθεῖαι
676 313 818 402 δυνάμει
851 312 1061 402 ἀσύμμετροι

40 427 78 491 αῖ
99 431 174 509 ΑΖ,
192 429 255 489 ΖΒ
283 433 441 489 ποιοῦσαι
464 420 502 489 τὸ
526 422 588 508 μὲν
612 428 830 509 συγκείμενον
850 424 885 489 ἐκ
907 426 976 490 τών
1000 421 1059 490 ἀπ’

40 527 152 598 αύτών
181 527 400 617 τετραγώνων
430 529 548 617 ῥητόν,
581 527 620 597 τὸ
653 528 690 597 δὲ
715 525 772 596 ὑπ’
803 527 914 597 αὑτων
941 530 1063 615 μέσον·

41 634 121 724 ὅπερ
147 641 214 704 ἔδει
239 636 377 717 δεῖξαι.-

5 767 21 815 ε
521 740 582 810 κδ’.

107 865 255 955 Εὑρεῖν
284 865 357 935 δύο
386 863 547 946 εὐθείας
578 865 746 954 δυνάμει
779 864 1063 956 ἀσυμμέτρους

39 976 234 1054 ποιούσας
263 973 304 1042 τὸ
336 973 406 1061 μὲν
437 978 703 1061 συγκείμενον
732 977 772 1041 ἐκ
799 978 875 1042 τών
903 973 962 1043 ἀπ’
994 973 1064 1044 αύ-

39 1084 116 1149 τών
139 1080 400 1170 τετραγώνων
421 1082 558 1167 μέσον,
582 1082 625 1149 τὸ
645 1077 675 1147 δ’
697 1077 758 1147 ὑπ’
779 1077 908 1148 αὐτῶν
928 1081 1064 1168 ῥητόν.

104 1186 352 1256 Ἐκκείσθωσαν
377 1187 440 1255 δύο
464 1188 562 1274 μέσαι
587 1186 729 1273 δυνάμει
748 1185 856 1274 μόνον
876 1187 1063 1278 σύμμετροι

6 1296 78 1366 οαί
105 1301 182 1379 ΑΒ,
205 1301 272 1362 ΒΓ
295 1294 399 1382 ῥητὸν
426 1294 637 1381 περιέχουσαι
662 1292 700 1361 τὸ
724 1290 781 1360 ὑπ’
812 1292 939 1378 αύτών,
974 1292 1063 1364 ώστε

40 1399 104 1487 τὴν
133 1407 198 1467 ΑΒ
227 1405 287 1486 τῆς
314 1407 379 1468 ΒΓ
404 1407 517 1486 μεῖζον
548 1401 720 1468 δύνασθαι
747 1403 792 1490 τῷ
820 1398 884 1469 άπὸ
913 1397 1063 1488 άσυμμέ-

39 1531 122 1593 τρου
155 1508 271 1594 ἑαυτῇ,
303 1507 358 1573 καὶ
390 1508 576 1594 γεγράφθω
609 1506 662 1574 ἐπὶ
694 1516 753 1592 τῆς
784 1513 850 1573 ΑΒ
882 1505 920 1575 τὸ
954 1515 1061 1576 ΑΔΒ

40 1610 251 1700 ἡμικύκλιον,
275 1613 331 1680 καὶ
353 1612 531 1700 τετμήσθω
554 1609 575 1699 ἡ
596 1617 662 1680 ΒΓ
681 1616 758 1699 δίχα
781 1611 920 1682 κατὰτὸ
939 1621 979 1700 Ε,
1003 1615 1062 1682 καὶ

40 1721 309 1808 παραβεβλήσθω
336 1719 426 1807 παρά
455 1718 518 1806 τὴν
547 1727 612 1787 ΑΒ
639 1724 685 1811 τῷ
714 1718 780 1788 άπὸ
808 1724 868 1807 τῆς
895 1727 961 1788 ΒΕ
983 1729 1061 1790 ἴσον

5 1824 389 1915 σπαραλληλόγραμμον
420 1828 572 1894 ἐλλεῖπον
600 1829 683 1894 εῖδει
710 1826 907 1918 τετραγώνῳ
930 1825 967 1895 τὸ
991 1825 1059 1896 ὑπὸ

40 1936 108 2001 τών
141 1939 253 2000 ΑΖΒ·
286 1932 493 2021 ἀσύμμετρος
525 1931 591 2022 άρα
614 1933 744 2019 ἰ[έστὶν]
779 1931 799 2019 ἡ
829 1941 894 2001 ΑΖ
925 1942 964 2021 τῇ
996 1940 1060 2001 ΖΒ

40 2038 144 2127 μήκει.
179 2039 235 2108 καὶ
265 2037 360 2127 ἤχθω
392 2037 457 2108 άπὸ
484 2043 545 2107 τοὺ
575 2047 602 2106 Ζ
629 2043 669 2128 τῇ
697 2046 763 2107 ΑΒ
791 2038 875 2127 πρὸς
902 2036 1009 2128 ὀρθάς
1037 2036 1059 2126 ἡ

41 2153 124 2233 ΖΛ,
146 2148 203 2215 καὶ
227 2146 478 2234 ἐπεζεύχθωσαν
502 2148 539 2213 αί
560 2154 642 2232 ΑΛ,
667 2153 743 2215 ΛΒ.

104 2252 193 2322 Ἐπεὶ
216 2251 426 2341 ἀσύμμετρός
449 2256 540 2321 ἐστιν
559 2252 580 2340 ἡ
600 2262 665 2321 ΑΖ
683 2257 722 2341 τῇ
742 2256 820 2336 ΖΒ,
845 2250 1062 2341 ἀσύμμετρον

5 2358 106 2448 οάρα
130 2361 199 2428 ἐστὶ
222 2360 278 2426 καὶ
300 2358 338 2426 τὸ
363 2357 429 2427 ὑπὸ
454 2364 523 2427 τών
547 2367 624 2444 ΒΑ,
643 2367 708 2427 ΑΖ
731 2362 776 2452 τῷ
800 2356 865 2427 ὑπὸ
889 2363 958 2428 τών
982 2365 1061 2446 ΑΒ,

40 2474 111 2536 ΒΖ.
157 2474 233 2533 ίσον
263 2465 300 2533 δὲ
323 2464 360 2534 τὸ
384 2464 446 2552 μὲν
474 2464 539 2534 ὑπὲ
563 2459 632 2534 τών
655 2473 732 2552 ΒΑ,
756 2474 821 2534 ΑΖ
843 2470 889 2557 τῷ
913 2463 978 2534 άπὸ
1002 2468 1063 2552 τῆς

40 2582 121 2656 ΑΔ,
144 2570 181 2640 τὸ
207 2571 244 2639 δὲ
266 2571 332 2640 ὑπὸ
356 2576 424 2640 τῶν
442 2580 520 2659 ΑΒ,
535 2580 597 2640 ΒΖ
615 2577 661 2665 τῷ
685 2571 751 2641 άπὸ
775 2578 834 2660 τῆς
853 2580 934 2640 ΑΒ·
957 2572 1062 2659 άσύμ·

40 2704 161 2766 μετρον
189 2677 255 2767 άρα
284 2679 352 2746 ἐστὶ
379 2680 491 2746 καὶτὸ
510 2677 575 2747 άπὸ
594 2683 653 2766 τῆς
671 2688 743 2746 ΑΛ
760 2685 806 2773 τῷ
826 2677 891 2748 άπὸ
910 2683 969 2765 τῆς
988 2685 1061 2747 ΔΒ.

39 2786 95 2853 καὶ
123 2785 192 2852 ἐπεὶ
220 2786 324 2872 μέσον
352 2787 420 2854 ἐστὶ
442 2788 480 2854 τὸ
504 2783 570 2854 άπὸ
593 2790 652 2872 τῆς
674 2793 757 2872 ΑΒ,
786 2788 890 2873 μέσον
914 2784 981 2873 άρα
1003 2785 1061 2852 καὶ

5 2894 77 2966 ετὸ
105 2898 326 2980 συγκείμενον
354 2895 389 2961 ἐκ
411 2896 480 2961 τών
504 2889 568 2960 άπὸ
592 2896 659 2961 τῶν
683 2901 764 2979 ΑΛ,
788 2901 864 2961 ΔΒ.
910 2893 966 2960 καὶ
990 2892 1062 2961 ἐπεὶ

113 3113 135 3159 1.
156 3101 295 3177 ηὑρηνται
312 3106 374 3163 FV.
461 3113 486 3162 3.
507 3103 598 3177 ῥητῶν
616 3108 644 3176 b,
666 3123 736 3162 corr.
756 3125 791 3162 m.
812 3113 835 3161 1.
922 3102 951 3160 δ’
971 3106 1060 3162 BVb.

76 3171 129 3230 ἀπ’
149 3175 179 3231 F.
252 3184 277 3232 4.
297 3178 406 3248 δεῖξαι]
434 3173 529 3246 εὑρεῖν
548 3178 579 3246 b,
603 3196 659 3248 mg.
678 3197 714 3232 m.
736 3183 764 3232 12
793 3198 835 3248 γρ.
854 3179 961 3246 δείξαις
989 3177 1061 3232 ἱωΒ

40 3263 98 3317 mg.
113 3253 193 3303 παῖς
213 3268 255 3316 γρ.
275 3243 380 3316 εὑρεῖν.
436 3255 460 3305 1.
480 3245 524 3319 τό]
544 3266 613 3304 corr.
628 3267 662 3305 ex
675 3248 725 3305 τόν
745 3249 775 3304 Ρ.
833 3255 858 3304 8.
878 3249 911 3304 δέ
930 3250 960 3306 F.
1017 3254 1060 3304 11.

41 3316 200 3388 συμμέτρου
220 3317 251 3386 F,
270 3335 340 3374 corr.
359 3336 396 3374 m.
417 3324 442 3374 1.
507 3325 549 3375 15.
569 3315 697 3375 ἐλλεῖπον
717 3322 788 3375 εἴδει
806 3317 986 3395 τετραγώνῳ]
1005 3336 1061 3376 om.

41 3387 97 3457 Pb,
116 3387 230 3444 ΜΒ.
285 3383 330 3460 τό]
350 3387 499 3445 ποιοῦντά
520 3391 552 3448 V.
609 3397 649 3446 16.
670 3392 727 3445 τών
745 3392 833 3463 ΑΖΒ]
853 3409 910 3446 non
923 3391 1061 3462 liquetFJ.

77 3465 135 3527 AZ,
155 3464 203 3513 ΖΒ
222 3459 255 3514 V.
311 3455 466 3530 σύμμετρος
485 3483 518 3531 φ,
537 3463 566 3517 οῖ
581 3461 614 3532 Β,
634 3479 701 3518 corr.
717 3480 752 3518 m.
769 3469 793 3519 κ.
850 3459 939 3534 ἐστίν]
959 3479 1013 3517 om.
1027 3461 1061 3528 P,

43 3528 171 3600 έσταιφ.
234 3531 294 3603 ΖΒ]
315 3536 364 3586 ΒΖ
381 3532 411 3588 Ρ.
472 3538 514 3589 18.
535 3533 598 3605 ΖΔ]
619 3539 792 3589 AZecorr.
811 3534 937 3590 m.2V.
993 3533 1060 3606 ΔΒ]
