2474 3908
113 161 157 226 98
500 163 701 217 ΣΤΟΙΧΕΙΩΝ
719 159 746 216 ι’.

183 301 252 371 Διὰ
274 307 315 372 τὰ
340 301 425 372 αίτά
449 301 491 389 δὴ
514 303 571 370 καὶ
594 302 631 371 τὸ
656 301 721 371 ὑπὸ
744 309 813 373 των
835 311 939 373 ΒΓΔ
963 312 1039 373 ίσον
1063 308 1136 376 ἐστὶ

112 415 159 502 τῷ
184 408 249 479 άπὸ
272 415 331 496 τῆς
354 415 428 478 ΑΓ.

181 516 251 584 Καὶ
275 519 356 601 ἐπεί,
380 517 440 584 ἐὰν
459 517 496 584 ἐν
515 514 716 607 ὀρθογωνίῳ
735 516 887 608 τριγώνῳ
907 516 973 586 άπό
995 522 1054 605 τῆς
1078 517 1136 608 ὀρ-

111 627 180 710 θῆς
206 628 331 708 γωνίας
354 624 491 709 ἐπὶτὴν
517 623 619 708 βάσιν
641 622 784 702 κάθετος
807 622 914 712 ἀχθῇ,
943 623 964 711 ἡ
988 623 1136 712 ἀχθεῖσα

76 741 179 806 ὅτων
201 733 261 817 τῆς
282 730 412 816 βάσεως
429 728 609 817 τμημάτων
628 730 710 817 μέση
730 728 900 817 ἀνάλογόν
920 734 1021 818 ἐστιν,
1040 738 1135 802 ἔστιν

112 836 179 926 άρα
203 834 248 919 ὡς
271 834 291 924 ἡ
315 843 384 904 BA
406 838 488 926 πρὸς
511 863 573 923 την
593 845 674 921 A'A,
698 834 804 916 οὕτως
827 835 940 923 ἡΑΑ
961 840 1046 925 πρὸς
1068 842 1134 926 τὴν

113 950 197 1012 ΔΓ·
242 945 280 1011 τὸ
311 942 376 1031 άρα
404 939 469 1011 ὑπὸ
498 945 566 1011 των
594 950 673 1028 BA,
698 947 767 1009 AF
792 951 867 1012 ἴσον
897 945 967 1012 ἐστὶ
993 951 1039 1037 τῷ
1064 944 1133 1015 άπὸ

112 1054 172 1137 τῆς
194 1058 268 1118 ΔΑ.

180 1160 289 1245 Λέγω,
314 1155 365 1226 ὅτι
387 1157 443 1224 καὶ
466 1161 503 1224 τὸ
526 1153 592 1225 ὑπὸ
612 1160 680 1225 τῶν
703 1163 776 1241 ΒΓ,
795 1164 867 1224 ΑΛ
891 1165 967 1226 ίσον
990 1159 1059 1226 ἐστὶ
1082 1163 1131 1252 τῳ

72 1289 93 1340 ιο
112 1261 177 1333 ὑπὸ
196 1268 264 1333 τῶν
283 1271 362 1350 ΒΑ,
381 1270 453 1332 ΑΓ.
494 1264 563 1331 ἐπεὶ
582 1265 662 1351 γὰρ,
691 1260 736 1342 ὡς
755 1267 895 1351 ἔφαμεν,
920 1262 1040 1352 ὅμοιόν
1060 1268 1132 1333 ἐστι

110 1373 148 1439 τὸ
179 1377 281 1438 ΑΒΓ
304 1374 350 1463 τῳ
379 1377 498 1455 ΑΒΔ,
528 1375 618 1437 ἔστιν
646 1367 712 1457 άρα
740 1366 785 1449 ὡς
813 1369 833 1456 ἡ
864 1376 932 1438 ΒΓ
954 1369 1038 1460 πρὸς
1068 1375 1132 1460 τὴν

110 1484 191 1560 ΓΑ,
226 1477 332 1556 οὕτως
359 1475 379 1563 ἡ
404 1483 471 1543 ΒΑ
497 1474 580 1564 πρὸς
607 1473 669 1562 τὴν
696 1484 771 1543 AA
804 1479 881 1561 [ἐάν
910 1477 947 1545 δὲ
974 1479 1134 1568 τέσσαρες

111 1580 243 1652 εὐθεῖαι
268 1569 439 1670 άνάλογον
462 1575 556 1669 ὦσιν,
579 1586 616 1650 τὸ
640 1579 706 1651 ὑπὸ
729 1587 799 1652 τῶν
823 1581 939 1671 άκρων
963 1594 1038 1654 ίσον
1060 1588 1132 1656 ἐστὶ

111 1695 157 1783 τῳ
181 1687 247 1758 ὑπὸ
273 1694 342 1757 τῶν
365 1690 500 1777 μίσων].
534 1687 571 1758 τὸ
597 1690 663 1778 άρα
685 1686 751 1758 ὑπὸ
773 1694 843 1758 τῶν
866 1697 938 1778 ΒΓ,
962 1700 1030 1759 ΑΔ
1054 1701 1132 1761 ἴσον

72 1822 94 1872 ,ε
114 1798 183 1866 ἐστὶ
208 1801 254 1888 τῷ
278 1794 344 1865 ὑπὸ
367 1802 436 1865 τῶν
458 1804 536 1882 ΒΑ,
560 1803 637 1865 ΑΓ·
684 1793 765 1885 ὅπερ
789 1801 857 1865 ἔδει
882 1800 994 1881 δείξαι.

589 2009 650 2098 λγ’.

178 2133 330 2224 Εὑρεῖν
362 2137 434 2204 δύο
463 2133 625 2216 εὐθείας
654 2135 823 2224 δυνάμει
853 2135 1133 2225 ἀσυμμέτρους

108 2243 307 2322 ποιούσας
325 2246 368 2310 τὸ
387 2242 459 2331 μὲν
479 2249 744 2329 συγκείμενον
762 2246 803 2311 ἐκ
822 2248 900 2312 τῶν
915 2240 976 2312 ἀπ’
998 2241 1131 2314 αὐτῶν

107 2348 373 2438 τετραγάνων
393 2348 531 2438 ῥυτόν,
554 2352 596 2416 τὸ
620 2346 649 2416 0⁰
674 2345 733 2417 ὑπ’
759 2348 891 2418 αὐτῶν
915 2352 1043 2438 μέσον.

73 2481 90 2528 0
173 2454 429 2524 Ἐκκείσθωσαν
453 2453 515 2523 δύο
539 2456 636 2544 ῥηταὶ
656 2454 798 2544 δυνάμει
818 2455 925 2544 μόνον
946 2457 1132 2546 σύμμετροι

108 2566 147 2630 αί
163 2570 240 2648 ΑΒ,
260 2568 334 2649 ΒΓ,
358 2559 442 2630 ὥστε
465 2559 527 2647 τὴν
550 2568 685 2649 μείζονα
703 2561 766 2649 τὴν
783 2571 848 2631 ΑΒ
868 2567 927 2651 τῆς
947 2562 1132 2645 ἐλάσσονος

106 2672 166 2755 τῆς
188 2674 256 2736 ΒΓ
279 2674 390 2756 μεῖζον
420 2669 592 2760 Βάνασθαι
618 2673 664 2762 τῷ
688 2667 753 2737 άπὸ
777 2668 992 2760 ἀσυμμέτρου
1016 2672 1131 2760 ἑαυτῇ,

107 2775 164 2842 καὶ
194 2775 370 2864 τετμήσθω
403 2772 424 2862 ἡ
457 2781 525 2843 ΒΓ
548 2778 625 2863 δίχα
652 2775 734 2844 κατά
762 2775 800 2845 τὸ
830 2786 877 2862 A,
909 2779 965 2845 καὶ
992 2782 1038 2866 τῷ
1067 2775 1128 2864 ἀφ’

109 2879 270 2972 ὁποτέρας
297 2887 366 2952 τῶν
389 2890 469 2969 ΒΔ,
495 2887 565 2949 ΔΓ
588 2890 664 2950 ίσον
686 2881 779 2971 παρὰ
806 2882 870 2970 τὴν
897 2891 963 2951 ΑΒ
987 2889 1132 2974 παραβε-

72 2990 248 3076 οβλήσθω
271 2989 620 3078 παραλληλόγραμμον
645 2992 797 3058 ἐλλεῖπον
820 2994 902 3058 είὸει
920 2989 1131 3082 τετραγώνῳ,

109 3097 166 3164 καὶ
194 3103 276 3165 ἔστω
306 3097 344 3166 τὸ
373 3095 438 3166 ὑπὸ
466 3108 535 3166 τοόν
559 3104 675 3186 AEB,
703 3097 759 3165 καὶ
786 3097 971 3185 γεγράφθω
996 3098 1048 3166 ἐπὶ
1071 3101 1131 3183 τῆς

139 3325 144 3357 ·.
183 3316 208 3364 1.
231 3314 297 3377 ΒΓ,
317 3314 373 3364 ΓΔ
399 3327 437 3364 m.
460 3326 515 3365 rec.
539 3310 574 3379 P,
598 3311 723 3366 m.2V.
799 3305 1024 3380 ἐστί]οω.Ρλ).
1103 3316 1128 3366 3.

107 3379 252 3453 τριγώνῳ]
278 3397 362 3464 suppa
380 3399 430 3436 scr.
450 3396 539 3450 comp.
559 3400 595 3436 m.
616 3387 632 3435 2
656 3382 711 3474 Β,
760 3388 785 3436 6.
810 3381 883 3452 ΑΔ]
908 3388 960 3436 ΔΑ
979 3382 1010 3436 Β.
1085 3387 1128 3436 10.

108 3449 457 3594 θίίλθὲλλλῖἐῖἐ
477 3452 1021 3608 m†²1}.³sf{f⁷ss2⁰ff·1m{.³{]
1045 3456 1130 3596 AB}
