2474 3908
167 178 210 243 48
551 177 754 230 ΣΤοτΧΕῑιεα
773 173 801 232 ι’.

168 329 244 388 ἴσον
264 319 333 387 ἐστὶ
355 323 401 410 τῷ
430 317 495 387 ὑπὸ
523 322 592 386 τών
620 320 657 386 ἐκ
685 321 744 404 τῇς
771 292 968 406 παραβολῆς
991 318 1186 405 γενομένων

166 424 347 514 τμημάτων
369 428 430 512 τῇς
453 423 596 505 εὐθείας.

234 530 334 620 Παρὰ
359 531 424 621 γὰρ
448 528 587 600 εὐθεῖαν
605 529 667 618 τὴν
686 537 752 598 AB
771 528 1041 617 παραβεβλήσθω
1060 537 1186 617 παραλ-

168 637 405 726 ληλόγραμμον
422 637 460 707 τὸ
476 647 508 706 Α
514 647 547 706 Δ
561 640 714 706 ἐλλεῖπον
728 640 810 704 εἴβει
824 634 1021 727 τετραγώνῳ
1041 639 1088 729 τῳ
1104 644 1185 704 ΔΒ·

133 746 265 831 σλέγσι,
289 743 342 813 ὅτι
365 754 440 813 ἴσον
459 746 528 813 ἐστὶ
551 745 589 812 τὸ
613 752 646 811 A
653 751 686 810 A
708 746 753 835 τῇ
777 741 843 811 ὑπὸ
867 746 935 811 τών
958 747 1034 827 ΑΓ,
1058 748 1129 810 ΓΒ.

235 856 309 918 Καί
329 854 420 919 ἐστιν
440 849 589 919 αὐτόθεν
607 849 771 939 φανερόν·
796 850 865 918 ἐπεὶ
884 848 949 937 γὰρ
973 847 1186 934 τετράγωνόν

169 959 238 1025 έστι
256 955 294 1025 τὸ
316 963 394 1043 ΔΒ,
418 964 473 1042 ἴση
493 957 585 1025 ἐστὶν
604 954 625 1042 ἡ
645 961 715 1024 ΔΓ
728 965 768 1044 τῇ
788 960 861 1040 ΓΒ,
884 960 943 1023 καί
963 957 1033 1023 ἐστι
1056 957 1095 1022 τὸ
1114 965 1147 1021 A
1154 962 1187 1021 Δ

167 1063 204 1131 τὸ
234 1061 299 1132 ὑπὸ
323 1066 391 1131 τών
415 1068 491 1149 ΑΓ,
510 1068 594 1146 ΓΛ,
617 1063 768 1131 τουτέστι
786 1059 824 1130 τὸ
841 1060 908 1129 ὑπὸ
928 1065 997 1129 τών
1020 1066 1096 1145 ΑΓ,
1115 1065 1188 1129 ΓΒ,

232 1167 312 1238 Ἐάν
335 1167 403 1257 άρα
425 1168 515 1255 παρά
539 1195 616 1236 τινα
639 1165 790 1253 εὐθεῖαν,
812 1166 868 1234 καὶ
890 1164 932 1234 τὰ
956 1168 1037 1253 ἑξῆς.

116 1407 149 1455 ιο
653 1381 701 1460 ιζ’.

232 1502 321 1571 Ἐὰν
339 1495 412 1571 ώσι
431 1502 503 1571 δύο
523 1502 683 1571 εὐθεῖαι
702 1502 854 1589 άνισοι,
873 1505 923 1595 τῇ
948 1501 990 1570 δὲ
1013 1503 1187 1596 τετάρτῳ

168 1611 277 1699 μέρει
304 1613 376 1679 τοῦ
408 1606 483 1677 άπὸ
514 1614 583 1697 τῇς
613 1609 832 1690 ἐλάσσονος
862 1618 953 1677 ἴσον
983 1608 1087 1694 παρὰ
1114 1610 1188 1698 τὴν

169 1723 329 1805 μείζονα
352 1721 592 1806 παραβληθῇ
617 1720 801 1785 ἐλλεῖπον
824 1720 926 1784 εἴδει
949 1715 1187 1809 τετραγώνῳ

167 1823 232 1891 καὶ
251 1827 306 1903 εἰς
326 1822 528 1911 σύμμετρα
546 1821 671 1910 αὐτὴν
690 1827 828 1913 διαιρῇ
848 1821 981 1910 μήκει,
1000 1819 1021 1909 ἡ
1042 1829 1188 1909 μείζων

116 1952 149 2003 15
168 1940 236 2017 τῆς
259 1929 478 2010 ἐλάσσονος
505 1936 641 2018 μεῖζον
670 1929 886 2017 δυνήσεται
909 1940 959 2021 τῷ
989 1925 1064 1998 άπὸ
1089 1951 1187 2018 συμ-

168 2038 315 2127 μέτρου
345 2037 464 2126 έαντῇ
489 2035 654 2124 [μήκεα]
699 2038 765 2105 καὶ
795 2035 865 2104 ἐὰν
895 2034 916 2122 ἡ
945 2041 1089 2122 μείζων
1119 2049 1189 2125 τῆς

168 2143 388 2224 ἐλάσσονος
414 2150 551 2231 μεῖζον
580 2143 748 2230 δύνηται
775 2154 825 2235 τῷ
854 2139 927 2209 άπὸ
958 2144 1189 2230 συμμέτρου

168 2250 286 2340 ἕαντῇ
304 2249 472 2337 [μήκει],
490 2261 540 2342 τῳ
557 2250 599 2318 δέ
617 2249 787 2342 τετάρτῳ
806 2258 877 2318 τοῦ
896 2246 970 2316 άπὸ
989 2258 1057 2334 τῆς
1077 2250 1189 2318 ἐλάσ-

168 2376 287 2434 σονος
306 2363 395 2423 ἴσον
413 2354 517 2444 παρά
536 2355 607 2442 τὴν
628 2361 789 2442 μείζονα
803 2359 1047 2444 παραβληθῇ
1062 2358 1188 2424 ἐλλεῖ-

114 2485 241 2535 τοπον
279 2465 382 2529 εἴδει
422 2461 675 2553 τετραγώνῳ,
722 2467 778 2542 εἰς
814 2461 1019 2550 σύμμετρα
1060 2460 1188 2550 αὐτὴν

169 2571 320 2656 διαιρεῖ
342 2566 464 2654 μῇιιει.
768 2551 771 2559 ,

224 2671 401 2742 Ἔστωσαν
420 2674 485 2742 δύο
505 2673 636 2743 εὐθεῖαι
656 2673 768 2743 άυισοι
787 2677 824 2741 αλ
840 2683 884 2759 A,
902 2680 974 2761 ΒΓ,
996 2666 1045 2743 ώυ
1065 2682 1187 2763 μείζων

167 2778 188 2867 ἡ
213 2785 290 2866 ΒΓ,
316 2784 362 2874 τῇ
391 2779 429 2849 δὲ
456 2782 599 2874 τετάρτῳ
628 2782 719 2871 μέρει
747 2786 809 2850 τοῦ
832 2777 898 2849 άπὸ
921 2785 981 2868 τῇς
1004 2783 1189 2865 ἐλάσσονος

166 2892 225 2975 τῇς
249 2896 296 2973 A,
326 2890 477 2956 τουτέστι
506 2899 551 2981 τῷ
582 2887 647 2957 άπὸ
675 2892 734 2976 τῇς
760 2885 915 2975 ἡμισείας
942 2897 1001 2974 τῆς
1031 2899 1078 2975 A,
1109 2897 1187 2957 ἴσον

115 3019 150 3068 25
168 2993 258 3083 παρὰ
272 2993 335 3081 τὴν
348 3001 416 3062 ΒΓ
429 2995 698 3085 παραβεβλήσθω
717 2999 869 3064 ἐλλεῖπον
884 2999 966 3063 εἴδει
979 2993 1188 3086 τετραγώνῳ,

239 3178 264 3227 3.
283 3168 314 3227 τὸ
335 3179 389 3228 ΑΔ
406 3168 698 3242 παραλληλόγραμμον
712 3171 809 3227 Theon
824 3171 948 3257 (BFVb3
967 3173 1034 3227 ante
1047 3175 1102 3226 ΑΔ
1116 3189 1186 3228 eras.
1217 3238 1220 3243 Ι

169 3246 224 3298 ΓΔ
242 3244 289 3312 Γ).
348 3249 374 3300 4.
394 3240 573 3315 τετραγώνῳ]
593 3259 663 3298 corr.
682 3259 717 3299 ex
734 3247 1013 3330 noeqoeuqstoyooeppq)
1031 3261 1068 3297 m.
1084 3261 1138 3299 rec.
1157 3245 1186 3299 b.

205 3315 416 3386 νώσατο.
490 3297 688 3371 τέταντο.
759 3314 911 3388 τῳωυ.
970 3314 1188 3385 mmm

169 3389 220 3438 ΓΑ
238 3384 358 3440 m.1b.
433 3385 664 3456 PB]I'ecorr.
683 3385 716 3441 V.
791 3391 814 3440 7.
836 3382 910 3440 ἐστιν
929 3385 989 3440 LB.
1050 3384 1114 3457 ΓΒ]
1135 3390 1190 3440 ΒΓ

167 3456 228 3511 BV.
281 3453 457 3512 ἐστινΙιΡΒ.
508 3463 532 3514 8.
554 3460 609 3512 ΓΔ
638 3462 664 3510 Δ
673 3456 704 3526 Ρ,
720 3460 746 3512 Δ
760 3473 854 3513 econ.
865 3457 898 3512 V.
949 3453 1185 3529 τουτέστι-ΓΒ]

168 3545 203 3582 m.
224 3533 240 3583 2
259 3527 293 3584 V.
370 3527 515 3584 τουτέστιν
534 3528 612 3583 ΙιΡΒ
645 3570 651 3583 .
729 3535 752 3584 9.
776 3529 846 3583 Post
864 3524 986 3584 εὐθεῖαν
1009 3526 1075 3584 add.
1095 3547 1188 3598 παρα-

80 3604 137 3678 ἢ.
