2474 3908
156 188 200 253 46
542 189 743 243 ΣΤοιΧΕιςιιι
762 185 788 241 ι’.

223 335 269 398 El
290 335 354 419 γὰρ
378 330 423 417 μή
444 331 534 398 ἐστιν
551 328 742 418 ἀσύμμετρα
761 329 800 398 τὰ
823 337 898 415 ΓΑ,
917 336 994 414 ΑΒ,
1018 328 1173 417 μετρήσει

155 464 187 504 τι
213 434 325 521 [αὐτὰ]
350 439 501 524 μέγεθος.
553 442 725 525 μετρείτω,
757 441 788 503 εί
815 435 977 520 δυνατόν,
1005 435 1061 502 καὶ
1088 439 1172 503 ἔστω

155 542 192 611 τὸ
218 551 259 611 Δ.
297 543 367 612 ἐπεὶ
391 534 455 610 οὑν
477 541 515 610 τὸ
540 550 573 609 Δ
595 541 636 610 τὰ
651 548 728 628 ΓΑ,
744 549 807 609 AB
825 555 947 630 μετρεῖ,
970 541 1026 608 καὶ
1051 539 1171 609 λοιπὸν

156 647 222 737 ἄρα
250 649 287 718 τὸ
310 656 376 718 ΒΓ
396 649 560 737 μετρήσει.
610 662 724 736 μετρεῖ
750 648 787 716 δὲ
814 650 869 716 καὶ
897 647 934 717 τὸ
965 654 1042 714 AB·
1076 646 1113 716 τὸ
1138 656 1171 715 Δ

119 783 135 833 5
153 753 220 840 ἄρα
234 759 273 823 τὰ
290 765 321 822 A
327 763 366 841 Β,
382 761 451 823 ΒΓ
459 768 578 843 μετρεῖ.
603 754 773 843 σύμμετρα
787 752 853 842 ἄρα
868 754 937 822 ἐστὶ
951 753 991 820 τὰ
1007 761 1084 840 ΑΒ,
1095 760 1170 822 ΒΓ

154 858 326 929 ὑπέκειντο
356 861 394 928 δὲ
420 861 476 928 καλ
505 859 710 949 ἀσύμμετρα·
752 861 833 949 ὅπερ
866 859 956 928 ἐστὶν
987 856 1170 928 ἀδύνατον.

154 963 215 1034 οὐκ
238 965 303 1054 ἄρα
326 965 366 1033 τὰ
393 974 468 1052 ΓΑ,
488 974 552 1033 ΑΒ
573 966 726 1054 μετρήσει
750 992 780 1032 τι
800 966 953 1052 μέγεθος·
978 961 1171 1054 ἀσύμμετρα

153 1071 218 1162 ἄρα
248 1074 316 1141 ἐστὶ
343 1100 383 1141 τα
409 1079 484 1159 ΓΑ,
508 1081 582 1141 ΑΒ.
621 1073 744 1160 ὁμοίως
772 1071 813 1158 δὴ
843 1074 1011 1160 δείξομεν,
1042 1070 1091 1140 ὅτι
1114 1074 1170 1139 καὶ

151 1178 191 1247 τὰ
221 1185 296 1265 ΑΓ,
320 1185 381 1247 ΓΒ
410 1177 600 1268 ἀσύμμετροί
629 1183 730 1247 ἐστιν.
775 1177 813 1246 τὸ
842 1184 910 1245 ΑΓ
929 1177 994 1263 ἄρα
1026 1178 1169 1270 ἑκατέρω

100 1315 133 1364 10
152 1290 219 1352 τῶν
243 1293 319 1370 ΑΒ,
338 1292 405 1354 ΒΓ
423 1283 636 1373 ἀσύμμετρόν
660 1287 758 1354 ἐστιν.

216 1388 314 1459 Ἀλλὰ
330 1389 370 1477 δή
389 1390 428 1459 τὸ
442 1400 474 1459 Α
479 1397 512 1459 Γ
525 1392 577 1459 ἑνὶ
595 1396 663 1459 τῶν
677 1399 754 1477 AB,
769 1397 835 1459 ΒΓ
843 1390 1058 1478 ἀσύμμετρον
1077 1394 1169 1459 ἔστω.

153 1503 236 1565 ἔστω
262 1496 303 1584 δή
328 1497 491 1585 πρότερον
515 1503 559 1589 τῷ
584 1506 664 1566 AB·
690 1501 796 1585 λέγω,
811 1496 861 1566 ὅτι
879 1498 935 1565 καὶ
952 1495 991 1564 τὰ
1010 1504 1088 1582 AB,
1107 1502 1176 1564 ΒΓ

150 1603 343 1692 ἀσύμμετροί
375 1607 473 1674 ἐστιν.
529 1610 561 1673 εί
586 1609 650 1695 γὰρ
679 1610 770 1673 ἔσται
799 1603 984 1693 σύμμετρα,
1013 1603 1167 1692 μετρήσει

149 1737 180 1778 τι
211 1707 296 1779 αὐτὰ
324 1713 474 1798 μέγεθος.
526 1718 697 1800 μετρείτω,
729 1712 786 1779 καὶ
817 1717 899 1780 ἔστω
929 1710 967 1778 τὸ
997 1717 1039 1777 Δ.
1096 1710 1166 1777 ἐπεὶ

98 1845 132 1894 15
152 1808 215 1884 οὖν
238 1814 276 1885 τὸ
299 1825 333 1884 Δ
354 1816 394 1885 τὰ
418 1825 496 1904 AB,
515 1824 582 1885 ΒΓ
600 1831 726 1905 μετρεῖ,
759 1820 813 1886 καλ
844 1816 925 1885 ὅλον
953 1814 1019 1904 ἄρα
1042 1813 1079 1883 τὸ
1104 1820 1175 1882 ΑΓ

148 1923 311 2011 μετρήσει.
344 1937 457 2012 μετρεῖ
475 1923 512 1992 δὲ
529 1924 638 1992 καὶτὸ
654 1931 732 1991 ΑΒ·
769 1924 806 1992 τὸ
822 1932 855 1991 Δ
870 1922 936 2012 ἄρα
954 1922 995 1989 τὰ
1011 1927 1087 2006 ΓΑ,
1104 1929 1166 1990 ΑΒ

148 2044 266 2120 μετρεῖ.
297 2030 467 2119 σύμμετρα
483 2029 548 2118 ἄρα
559 2031 628 2099 ἐστὶ
638 2029 679 2098 τὰ
695 2037 768 2118 ΓΑ,
783 2039 814 2097 A
819 2036 861 2097 Β·
891 2028 1044 2098 ὑπέκειτο
1060 2027 1098 2095 δὲ
1111 2028 1168 2095 καὶ

148 2134 353 2224 ἀσύμμετρα
383 2134 462 2225 ὅπερ
482 2137 573 2205 ἐστὶν
589 2134 770 2207 ἀδύνατον.
803 2138 865 2204 οὐκ
883 2135 948 2224 ἄρα
967 2134 1006 2202 τὰ
1021 2142 1134 2220 ΑΒ,Β
1142 2140 1173 2202 Γ

147 2243 301 2330 μετρήσει
320 2271 351 2311 τι
375 2244 531 2330 μέγεθος·
555 2241 749 2331 ἄσὺμμετρα
773 2241 838 2331 ἄρα
862 2244 931 2312 ἐστὶ
951 2241 990 2310 τὰ
1004 2248 1081 2326 ΑΒ,
1096 2246 1166 2308 ΒΓ.

93 2377 128 2427 20
211 2346 290 2416 Ἐὰν
313 2348 379 2437 ἄρα
403 2348 467 2417 δύο
492 2352 633 2437 μεγέθη,
658 2347 777 2417 καὶτὰ
802 2352 885 2436 ἕξής.

553 2530 704 2614 Λῆμμα·

212 2646 292 2717 Ἐὰν
323 2648 413 2739 παρά
443 2677 519 2719 τινα
550 2649 689 2719 εὐθεῖαν
721 2654 923 2741 παραβληθῇ
954 2648 1164 2736 παραλληλό-

147 2782 301 2844 γραμμον
333 2760 489 2826 ἐλλεῖπον
523 2762 604 2826 είὸει
634 2757 847 2849 τετραγώνῳ,
879 2755 916 2824 τὸ
945 2755 1166 2843 παραβληθὲν

217 2977 240 3026 1.
264 2970 313 3046 ια’]
333 2968 365 3026 τό
384 2972 414 3026 Ρ.
489 2979 513 3026 ε.
537 2966 632 3098 αὐτοὶ
651 2989 706 3026 om.
726 2972 755 3027 Ρ.
828 2977 853 3024 4.
879 2971 1064 3041 κτήνει.
1141 2977 1166 3026 τ.

144 3037 219 3097 ἐστίν
238 3041 296 3097 ΙιΡ.
369 3048 393 3099 6.
418 3039 588 3099 ὑπόκεινται
640 3042 695 3098 Bb.
769 3037 915 3097 ἀδύνατόν
936 3039 1011 3097 ἐστιν
1031 3040 1066 3097 V.
1140 3047 1166 3096 8.

144 3108 219 3168 ἐστίν
239 3111 294 3166 LP.
360 3120 384 3170 9.
404 3116 477 3170 Ante
496 3118 552 3168 ΑΓ
568 3114 622 3170 del.
644 3117 670 3168 Γ
686 3133 722 3169 m.
744 3119 757 3167 1
778 3113 809 3170 P.
879 3108 1023 3183 σύμμετρα
1043 3113 1075 3183 Β,
1094 3129 1166 3167 corr.

142 3200 179 3239 m.
200 3189 225 3238 2.
281 3179 339 3240 ἐστι
357 3184 391 3254 V,
410 3201 501 3256 comp.
520 3186 574 3241 Fb.
631 3190 682 3240 ΓΑ
700 3186 748 3241 F.
790 3190 832 3242 10.
852 3179 943 3308 ίστιρΙ]
962 3201 1015 3238 om.
1034 3185 1065 3240 B.
1123 3188 1165 3239 11.

142 3251 212 3308 ἔστω
241 3271 294 3311 om.
305 3256 335 3310 P.
393 3262 433 3312 12.
450 3252 565 3380 ἔστωδιή
576 3255 726 3328 πρότερον]
743 3256 911 3327 καὶπρὺτον
944 3254 1166 3325 heonfflFVb).

178 3325 216 3397 τῷ
250 3342 355 3384 eeorr.
374 3325 408 3382 V.
483 3333 524 3382 13.
560 3324 715 3452 σταιὲέστι
733 3326 768 3382 V.
829 3322 972 3397 σύμμετρα
1007 3343 1164 3396 suprascr.

87 3400 103 3457 ’-,
141 3392 232 3453 (ὑπο.
253 3398 313 3451 lF.
370 3401 411 3452 17.
432 3391 506 3468 ἔστί]
528 3392 604 3452 ἐστίν
647 3399 809 3468 ,eomp.F‚
829 3396 976 3453 ἔσταιΒΒ
1015 3398 1042 3451 b.
1093 3393 1165 3452 ὑπέ-

176 3485 238 3523 ιντο
256 3466 286 3523 Β.
361 3473 402 3523 19.
428 3463 504 3523 ἐστίν
526 3467 584 3522 LP.
658 3470 726 3524 Post
748 3474 804 3523 ΒΓ
820 3470 883 3524 add.
908 3467 1014 3538 ὁμοίως
1030 3464 1069 3538 ,δή
1090 3470 1166 3522 δει-

80 3450 272 3664 werae,
291 3531 336 3595 ὅτι
355 3535 386 3594 τὸ
406 3543 461 3594 ΑΓ
476 3538 525 3594 καὶ
543 3540 630 3614 λοιπῷ
650 3539 688 3614 τῷ
708 3543 763 3595 ΒΓ
780 3535 958 3612 ἀσύμμετρόν
980 3535 1054 3594 ἐστιν
1074 3488 1161 3594 Νὑ.
