2474 3908
163 160 225 225 186
546 161 747 213 ΣΤΟΙΧΕΙΩΝ
765 155 793 213 ι’.

223 299 267 370 Ἡ
286 309 363 370 ΔΗ
390 299 456 390 άρα
485 300 606 369 ἐκδύο
631 297 808 390 ὀνομάτων
836 300 905 368 ἐστὶ
930 298 1059 388 πράτη·
1099 297 1177 385 ὅπερ

160 414 228 478 ἔδει
252 412 364 491 δεῖξαι.
640 498 688 578 ga'

232 625 282 690 Τὸ
307 620 382 689 άπὸ
405 624 473 707 τής
497 623 537 688 ἐκ
561 619 632 688 δύο
656 621 785 707 μέσων
808 619 964 707 πρωτης
985 622 1094 705 παρὰ
1116 622 1179 708 ῥη-

126 727 232 813 στὴν
259 724 620 812 παραβαλλόμενον
648 723 794 805 πλάτος
817 727 1017 812 ποιεῖτὴν
1042 729 1084 795 ἐκ
1108 726 1178 795 δύο

161 830 366 919 ὀνομάτων
397 833 597 918 δευτέραν.

217 937 325 1007 Ἔστω
355 941 390 1006 ἐκ
418 937 480 1006 δύο
509 939 621 1024 μέσων
648 936 761 1024 πρώτη
786 934 806 1023 ή
830 945 896 1007 ΑΒ
920 940 1109 1027 διῃρημένη
1135 944 1179 1020 εἰς

159 1045 219 1125 τὰς
241 1046 342 1132 μέσας
364 1070 447 1113 κατα
466 1046 503 1112 τὸ
522 1049 560 1129 Γ,
584 1035 632 1111 οἷν
656 1049 776 1130 μείζων
795 1040 816 1129 ή
836 1050 911 1130 ΑΓ,
933 1044 988 1111 καὶ
1012 1047 1178 1114 ἐκκείσθω

160 1153 242 1240 ῥητὴ
260 1150 281 1240 ή
301 1158 379 1237 ΔΕ,
403 1150 458 1217 καὶ
481 1147 749 1238 παραβεβλήσθω
772 1150 862 1236 παρὰ
878 1148 940 1236 τὴν
960 1156 1032 1217 ΔΕ
1049 1154 1096 1242 τῷ
1115 1147 1178 1219 άπὸ

109 1283 141 1329 10
160 1262 219 1345 τής
233 1264 299 1326 AB
314 1265 389 1324 ἴσον
408 1253 757 1344 παραλληλόγραμμον
775 1252 812 1322 τό
830 1262 864 1322 Δ
869 1261 897 1321 Ζ
913 1253 1036 1335 πλάτος
1055 1260 1178 1325 ποιοῦν

158 1362 221 1449 τήν
237 1370 322 1429 ΔΗ·
341 1364 437 1447 λέγω,
448 1358 529 1445 ὀτιὴ
545 1368 578 1426 Δ
586 1367 624 1428 Η
635 1363 670 1428 ἐκ
681 1360 744 1428 δύο
755 1358 930 1446 ὀνομάτων
944 1361 1012 1429 ἐστὶ
1029 1346 1178 1450 δευτέρα.

226 1467 496 1535 Κατεσκευάσθω
516 1466 579 1555 γὰρ
599 1466 638 1534 τὰ
663 1465 747 1535 αὐτὰ
768 1480 837 1547 τοῖς
859 1469 924 1554 πρὸ
947 1465 1082 1538 τούτου.
1123 1469 1178 1537 καὶ

160 1575 229 1643 ἐπεὶ
250 1571 269 1659 ή
290 1580 356 1641 AB
377 1575 412 1640 ἐκ
436 1572 498 1640 δύο
522 1575 632 1659 μέσων
657 1571 861 1663 ἐστλΕπροότη
885 1573 1072 1662 διηρημένη
1096 1575 1179 1640 κατά

158 1683 196 1747 τδ
225 1686 269 1765 Γ,
303 1684 340 1747 αἱ
362 1684 444 1763 ΑΓ,
473 1685 533 1747 ΓΒ
566 1677 632 1768 άρα
664 1680 760 1765 μέσαι
793 1679 857 1746 εἰσὶ
892 1677 1034 1764 δυνάμει
1069 1678 1178 1764 μόνον

109 1810 140 1858 15
160 1786 341 1871 σύμμετροι
366 1786 467 1871 ῥητὸν
495 1786 719 1872 περιέχουσαι·
752 1783 835 1853 ὥστε
864 1786 919 1854 καλ
946 1782 987 1852 τά
1015 1781 1083 1854 ὀπδ
1110 1789 1178 1854 τοόν

160 1902 192 1959 A
199 1899 233 1976 Γ,
252 1897 312 1958 ΓΒ
332 1893 414 1978 μέσα
435 1893 534 1958 ἐστίν.
562 1894 664 1977 μέσον
683 1890 749 1980 άρα
768 1893 836 1961 ἐστὶ
855 1893 894 1961 τδ
907 1898 985 1959 ΔΛ.
1010 1891 1068 1958 καὶ
1087 1895 1178 1979 παρὰ

160 1999 264 2085 ῥητὴν
286 1999 347 2086 τὴν
372 2006 405 2064 Δ
411 2005 442 2064 Ε
461 1998 721 2083 παραβέβληται·
745 1997 826 2086 ῥητή
852 1997 917 2085 ἄρα
941 1999 1031 2066 ἐστίν
1056 1982 1178 2083 ἡΜΔ

159 2106 214 2172 καὶ
237 2103 448 2191 ἀσύμμετρος
470 2107 509 2192 τῇ
530 2111 600 2171 ΔΕ
616 2102 720 2190 μήκει.
754 2103 867 2189 πάλιν,
891 2104 960 2172 ἐπεὶ
984 2102 1090 2189 ῥητόν
1108 2106 1179 2172 ἐστι

159 2213 196 2280 τὸ
220 2212 272 2291 δὶς
294 2210 360 2280 ὑπὸ
382 2215 451 2279 τῶν
470 2215 546 2295 ΑΓ,
566 2216 639 2294 ΓΒ,
658 2208 761 2296 ῥητόν
785 2213 853 2279 ἐστι
876 2211 932 2278 καὶ
954 2212 992 2277 τὸ
1011 2216 1096 2281 ΜΖ.
1122 2209 1178 2279 κοιλ

107 2341 140 2390 20
159 2319 248 2404 παρὰ
271 2320 374 2403 ῥητὴν
396 2318 459 2404 τήν
477 2323 553 2384 ΜΛ
571 2315 778 2402 παράκειται·
802 2317 885 2404 ῥητὴ
909 2314 973 2403 ὀιρα
997 2316 1097 2400 [ἐστὶ]
1121 2317 1178 2385 καὶ

159 2424 179 2512 ἡ
199 2431 277 2493 ΜΗ
295 2423 351 2492 καὶ
370 2421 466 2510 μήκει
490 2423 674 2508 σύμμετρος
696 2425 735 2510 τή
755 2430 844 2507 ΜΛ,
867 2423 1015 2491 τουτέστι
1033 2425 1075 2510 τῇ
1095 2429 1178 2491 ΔΕ·

160 2529 369 2615 ἀσύμμετρος
391 2526 456 2615 άρα
481 2527 570 2596 ἐστὶν
590 2525 610 2613 ἡ
631 2534 713 2595 ΔΜ
727 2532 766 2616 τῇ
787 2535 869 2595 ΜΗ
887 2528 993 2616 μήκει.
1032 2532 1094 2595 καί
1112 2532 1178 2597 εἰσι

160 2637 270 2720 ῥηταί·
308 2637 344 2700 αἱ
366 2641 458 2718 ΔΜ,
488 2640 572 2701 ΜΗ
589 2631 655 2721 άρα
684 2635 785 2720 ῥηταί
809 2638 873 2702 εἰσι
901 2632 1043 2720 δυνάμει
1068 2633 1178 2720 μόνον

99 2763 104 2771 ·
161 2740 355 2827 σύμμετροι·
380 2742 414 2807 έκ
439 2740 501 2808 δύο
525 2738 590 2827 άρα
614 2738 790 2828 ὀνομάτων
815 2739 904 2808 ἐστὶν
927 2737 947 2826 ἡ
970 2745 1055 2809 ΔΗ.

162 2879 375 2889 ——-.-—-—

235 2942 258 2992 1.
273 2931 403 3006 ὀνομάτω
419 2935 445 2989 b.
500 2929 569 3004 ὅπερ
582 2933 640 2990 ἔδει
651 2932 755 3005 δεῖξαι]
771 2951 824 2988 om.
838 2932 1055 3003 BFvb‚'00mp.
1066 2934 1097 2992 P.
1152 2940 1178 2990 8.

162 3005 207 3075 ξβ’
227 3008 256 3062 F.
312 3012 337 3061 4.
357 3002 443 3076 ῥητῆς
460 3004 492 3071 Β,
512 3004 561 3060 sed
580 3023 650 3059 corr.
707 3012 731 3059 7.
752 3004 833 3074 ἔστω]
853 3020 868 3058 ε
887 3018 956 3058 corr.
975 3009 1043 3060 παλ
1063 3004 1096 3062 F.
1151 3010 1178 3063 9.

161 3074 239 3144 παρὰ
264 3074 316 3145 τὴν
337 3080 392 3130 ΔΕ
414 3071 639 3146 παραβεβλήσθω
664 3075 693 3129 P.
773 3080 814 3135 10.
833 3075 898 3144 AB]
924 3091 993 3129 corr.
1013 3090 1047 3130 ex
1066 3081 1123 3131 ΑΔ
1140 3095 1178 3132 m.

164 3149 224 3202 lb.
299 3148 360 3201 λὀον
379 3144 411 3200 τό
430 3145 461 3201 Ρ.
536 3152 577 3200 12.
596 3140 821 3200 κατασκευάσθω
841 3143 875 3198 V.
942 3151 984 3201 14.
1003 3143 1052 3217 αλ]
1072 3147 1104 3201 in
1121 3163 1176 3203 ras.

162 3235 197 3272 m.
218 3223 234 3270 2
255 3217 285 3271 B.
359 3214 429 3270 εἰσίν
448 3215 478 3270 Β.
555 3222 594 3271 16.
615 3212 702 3288 ἐστίν]
724 3213 785 3271 έστί
799 3215 862 3285 ΡΒ,
882 3231 970 3285 comp.
991 3217 1050 3286 δὴ,
1070 3215 1130 3273 εἰσί
1144 3218 1178 3272 V.

199 3293 241 3343 17.
261 3281 432 3353 παράκειται
450 3285 548 3340 Theon
562 3285 697 3355 (BFVb).
759 3293 799 3341 19.
820 3282 889 3358 ἐστι]
910 3303 964 3342 om.
982 3286 1014 3340 B.
1069 3294 1114 3344 20.
1170 3330 1179 3358 ‚

164 3373 313 3427 suprascr.
328 3351 379 3425 τήν
394 3355 426 3408 Ρ.
482 3353 558 3426 ἐστι’]
576 3373 630 3411 om.
645 3355 758 3413 BFVb.
813 3365 855 3413 21.
875 3357 1030 3446 σύμμετρος
1043 3358 1130 3429 μήκει
1169 3398 1178 3412 .

198 3428 275 3554 ΜΛ]
286 3429 331 3551 έλλ
346 3444 361 3482 e
381 3444 450 3482 corr.
469 3425 502 3483 V.
564 3431 607 3483 22.
627 3422 714 3498 ἐστίν]
735 3445 788 3485 om.
810 3427 842 3484 V.
903 3447 986 3499 μηκει
1004 3433 1038 3500 τῇ
1056 3433 1129 3484 ΜΗ
1143 3430 1177 3485 V.

198 3517 268 3555 εσιν
311 3541 317 3554 .
