2474 3908
145 166 210 232 258
532 163 733 217 Σνοωωιαω
751 159 779 216 ι.

146 306 164 376 ὁ
193 307 231 376 δὲ
253 315 324 375 ΔΕ
349 306 432 395 πρὸς
459 304 520 374 τὸν
544 312 608 372 ΕΖ
634 303 739 390 λόγον
766 307 848 390 ἔχει,
882 299 923 370 ὃν
953 301 1168 391 τετράγωνος

149 411 297 501 ἀριθμὸς
318 410 402 498 πρὸς
423 411 636 498 τετράγωνον
660 407 822 496 ἀριθμόν·
850 407 1004 496 ἑκάτερος
1025 406 1092 495 μὰρ
1116 435 1168 477 τε-

147 517 320 606 τράγωνός
351 519 455 586 ἐστιν’
495 517 551 584 καὶ
578 514 616 584 τὸ
645 513 709 582 ἀπὸ
739 525 798 602 τῆς
824 521 892 582 ΗΒ
920 511 986 600 ἄρα
1013 513 1098 603 πρὸς
1126 514 1165 584 τὸ

146 622 211 693 ἀπὸ
235 628 294 712 τῆς
316 632 345 692 Θ
368 621 471 710 λόγον
495 628 576 710 ἔχει,
607 618 648 691 ὃν
674 620 882 710 τετράγωνος
905 618 1053 709 ἀριθμὸς
1080 619 1168 708 πρὸς

109 756 125 805 6
144 729 356 817 τετράγωνον
375 727 537 816 ἀριθμόν·
572 731 759 814 σύμμετρος
781 729 847 814 ἄρα
871 728 962 796 ἐστὶν
985 724 1005 813 ή
1030 734 1105 794 ΒΗ
1124 731 1166 815 τῇ

144 844 172 904 Θ
195 837 300 923 μήκει.
336 838 392 904 καὶ
416 836 558 904 δύναται
581 832 603 922 ἡ
625 842 699 902 ΒΗ
716 839 774 922 τῆς
797 840 870 901 ΗΓ
890 840 1002 920 μεῖζον
1025 837 1071 926 τῷ
1096 830 1166 901 ἀπὸ

144 947 202 1029 τῆς
225 950 266 1011 Θ·
302 939 324 1029 ή
348 949 423 1009 ΒΗ
445 940 511 1028 ἄρα
538 945 598 1027 τῆς
620 947 693 1010 ΗΓ
716 948 828 1028 μεῖζον
856 940 998 1008 δύναται
1026 943 1071 1030 τῷ
1097 937 1166 1007 ἀπὸ

145 1050 336 1135 συμμέτρου
355 1048 456 1136 ἕαυτή
479 1047 585 1133 μήκει.
620 1052 680 1114 καί
700 1047 790 1113 ἐστιν
814 1043 834 1132 ή
859 1043 920 1131 ὅλη
944 1042 966 1131 ἡ
989 1051 1061 1111 ΒΗ
1082 1045 1167 1132 σύμ-

144 1180 262 1241 μετρος
292 1157 332 1243 ιή
366 1153 536 1242 ἐκκειμένῃ
569 1155 652 1240 ῥητή
685 1151 781 1238 μήκει
809 1155 849 1240 τῇ
873 1160 913 1220 A.
957 1148 1067 1237 ήΒΓ
1097 1153 1165 1240 ἄρα

92 1285 126 1334 10
145 1260 296 1347 ἀποτομή
321 1263 389 1329 ἐστι
412 1260 535 1346 πρώτη.

212 1365 362 1452 Εὕρηται
385 1367 451 1453 ἄρα
473 1363 494 1452 ή
517 1364 631 1454 πρώτη
655 1360 806 1450 ἀποτομή
830 1359 850 1448 ή
874 1367 948 1430 ΒΓ·
987 1361 1066 1452 ὅπερ
1092 1367 1165 1430 ἔδει

144 1470 265 1560 εὑρεῖν.
669 1558 678 1582 Ι
1146 1459 1149 1462 ⁴

621 1578 688 1630 πς.

211 1663 358 1754 Εὑρεῖν
381 1665 452 1752 τήν
476 1667 671 1752 δευτέραν
690 1661 906 1751 ἀποτομήν.

92 1797 124 1845 15
212 1770 395 1840 Ἐκκείσθω
423 1769 505 1858 ῥητή
533 1769 554 1858 ἡ
583 1780 615 1839 A
641 1771 698 1839 καὶ
727 1775 766 1859 τή
791 1779 823 1838 A
850 1772 1035 1858 σύμμετρος
1063 1769 1166 1858 μήκει

143 1876 228 1965 ήΗ
231 1884 267 1946 Γ.
305 1876 387 1966 ῥητή
412 1879 478 1965 ἄρα
502 1877 593 1947 ἐστὶν
616 1874 636 1964 ή
656 1883 730 1945 ΗΓ.
767 1878 823 1945 καὶ
847 1880 1074 1946 ἐκκείσθωσαν
1100 1877 1168 1946 δύο

144 1982 348 2071 τετράγωνοι
372 1981 513 2072 ἀριθμοὶ
532 1987 568 2052 οἱ
584 1992 663 2068 ΔΕ,
678 1991 751 2069 ΕΖ,
775 1976 824 2053 ὧν
847 1981 1034 2071 ήὺπεροχή
1056 1980 1073 2051 ὅ
1095 1993 1129 2051 Δ
1136 1991 1165 2051 Ζ

145 2089 189 2178 μή
205 2096 288 2159 ἔστω
303 2089 519 2179 τετράγωνος.
547 2091 602 2158 καὶ
617 2090 813 2177 πεποιήσθω
830 2087 907 2170 ὡςὸ
924 2097 991 2157 ΖΔ
1004 2088 1087 2176 πρὸς
1100 2087 1166 2157 τὸν

145 2205 224 2284 ΑΒ,
241 2195 347 2278 οὕτως
360 2195 398 2265 τὸ
414 2194 479 2264 αἰπὸ
494 2200 553 2283 τῆς
566 2202 638 2265 ΓΗ
647 2197 859 2283 τετράγωνον
874 2196 956 2283 πρὸς
970 2195 1008 2264 τὸ
1024 2192 1088 2263 ἀπὸ
1104 2205 1167 2282 τῆς

90 2327 125 2376 20
144 2310 212 2370 ΗΒ
226 2303 447 2391 τετράγωνον.
471 2301 661 2390 σύμμετρον
675 2301 740 2389 ἄρα
756 2303 824 2371 ἐστὶ
838 2302 875 2372 τὸ
887 2301 953 2371 ἀπὸ
963 2306 1023 2388 τῆς
1031 2307 1104 2370 ΓΗ
1114 2328 1166 2370 ιε-

142 2409 318 2496 τραίνωνον
331 2412 377 2499 τῷ
397 2407 464 2477 ἀπὸ
479 2413 537 2496 τῆς
551 2416 618 2476 ΗΒ
637 2409 845 2500 τετραγώνῳ.
873 2408 977 2498 ῥητὸν
992 2408 1030 2477 δὲ
1042 2409 1081 2476 τὸ
1095 2406 1164 2475 ἀπὸ

143 2525 202 2601 τῆς
215 2521 291 2582 ΓΗ.
310 2514 414 2602 ῥητὸν
429 2513 495 2601 ἄρα
510 2515 605 2600 [ἐστὶ]
621 2517 676 2583 καὶ
691 2514 728 2584 τὸ
743 2514 809 2584 αἰπὸ
822 2519 880 2602 τής
895 2523 977 2584 ΗΒ·
996 2513 1079 2603 ῥητή
1094 2513 1164 2601 ἄρα

143 2619 234 2688 ἐστὶν
249 2616 270 2706 ἡ
285 2625 358 2688 ΒΗ.
380 2621 436 2687 καὶ
451 2620 521 2688 ἐπεὶ
530 2621 568 2688 τὸ
579 2619 644 2688 ἀπὸ
654 2628 758 2708 τήςΗ
762 2628 794 2689 Γ
803 2621 1015 2710 τετράγωνον
1029 2620 1113 2706 πρὸς
1121 2620 1164 2689 τὸ

143 2722 208 2792 ἀπὸ
217 2731 276 2812 τής
289 2732 353 2792 ΗΒ
368 2725 472 2812 λόγον
483 2723 546 2794 οὐκ
560 2732 637 2813 ἔχει,
653 2723 694 2794 ὃν
705 2726 913 2816 τετράγωνος
923 2725 1068 2814 ἀριθμὸς
1077 2726 1165 2814 πρὸς

92 2854 127 2905 25
145 2834 356 2921 τετράγωνον
374 2828 538 2919 ἀριθμόν,
561 2829 770 2920 ἀσύμμετρός
794 2835 885 2901 ἐστιν
903 2832 924 2918 ή
945 2839 1016 2900 ΓΗ
1033 2836 1072 2921 τῇ
1092 2840 1165 2900 ΗΒ

143 2938 247 3025 μήκει.
293 2942 352 3007 καί
371 2941 458 3005 εἰσιν
481 2936 669 3028 ἀμφότεραι
692 2942 802 3028 ῥηταί·
840 2943 878 3007 αἱ
898 2945 980 3026 ΓΗ,
1004 2946 1071 3006 ΗΒ
1096 2938 1165 3027 ἄρα

217 3088 240 3134 1.
260 3080 324 3151 ΕΖ]
339 3080 370 3134 in
383 3097 436 3136 ras.
451 3079 484 3135 V.
539 3080 609 3136 Post
617 3077 702 3151 λόγον
713 3081 767 3138 del.
779 3075 873 3136 οὔκΓ.
928 3087 951 3136 2.
972 3078 1163 3153 τετράγωνος]

144 3146 320 3221 τετράγωνον
330 3152 361 3221 Γ,
376 3153 427 3207 sed
439 3169 508 3207 corr.
564 3158 589 3207 3.
601 3149 660 3208 ἔστι
670 3153 760 3220 PBV,
775 3169 865 3236 cmpp.
875 3152 931 3241 FP.
981 3149 1050 3224 ἄρα]
1063 3168 1118 3207 om.
1130 3174 1164 3240 (ρ.

144 3227 205 3346 ΘΗ
227 3221 263 3359 (ξή
284 3223 400 3361 {Isgbv‘q
424 3228 473 3348 ἰδ’
492 3223 866 3364 ΒΨαῖήιξμηῗέτρουὸὑΡῖηὲή
879 3224 958 3350 τεήεξ.
972 3289 1003 3349 ἆ·
1022 3225 1100 3348 ΗΘ.
1130 3245 1149 3364 ή

144 3363 244 3432 (prius)
264 3379 318 3418 om.
337 3363 424 3420 BVb.
482 3368 506 3418 9.
526 3361 620 3436 μήκει]
641 3381 695 3420 om.
714 3365 743 3418 F.
800 3367 832 3437 τῇ
853 3371 875 3420 A
894 3365 978 3435 μήκει
996 3365 1058 3420 BV.
1120 3373 1166 3422 13.

141 3431 206 3503 κατ’]
226 3449 281 3490 om.
301 3434 331 3503 F,
350 3434 381 3489 in
399 3435 489 3505 figura
507 3431 565 3490 πε’.
622 3441 663 3491 14.
683 3432 747 3506 τήν]
767 3453 920 3506 suprascr.
939 3455 976 3490 m.
997 3441 1011 3490 1
1030 3435 1062 3490 P.
1120 3444 1165 3492 15.

142 3500 320 3576 ἀσύμμετρος
343 3504 380 3575 Ρ,
404 3523 472 3562 corr.
492 3524 528 3561 m.
547 3522 615 3575 τινας
641 3504 796 3577 σύμμετρος
816 3505 885 3562 ἔστω
909 3508 941 3563 V.
1016 3511 1058 3563 16.
1084 3503 1164 3564 ἐστὶν
