2474 3908
161 166 227 231 375
580 169 768 221 ΑΡΡΕΝΒΙΧ.

161 316 241 377 NA.
293 307 375 377 ὅλον
403 307 468 395 ἄρα
496 311 534 376 τὸ
565 315 631 376 ΛΒ
660 308 771 394 μεῖζόν
801 311 869 377 ἐστι
897 312 959 376 τοῦ
986 312 1064 386 ΞΛ.
1116 319 1192 381 ἴσον

163 415 200 483 δὲ
228 417 265 483 τὸ
294 422 365 482 ΔΑ
396 418 442 504 τῷ
471 421 549 480 AK.
602 412 682 482 ὅλον
711 412 776 501 ἄρα
804 412 841 482 τὸ
870 418 937 482 BA
970 415 1092 502 μεῖζόν
1123 422 1192 487 ἐστι

162 527 223 590 τοῦ
242 524 316 597 EX.
363 517 447 587 ἀλλὰ
476 522 538 587 τοῦ
561 527 628 587 BA
650 519 763 606 μεῖζόν
787 523 856 588 ἐστι
884 519 921 588 τὸ
945 527 1034 588 ΜΖ·
1072 529 1191 616 πολλῷ

162 626 228 713 ἄρα
253 628 290 694 τὸ
315 633 387 693 ΜΖ
416 625 528 709 μεῖζόν
559 627 625 692 ἐστι
654 636 715 692 τοῦ
739 628 810 702 ΞΚ.
857 626 913 693 καὶ
941 627 1011 695 ἐπεὶ
1042 631 1085 696 τὰ
1112 632 1190 716 ΞΝ,

128 759 143 805 5
164 740 242 818 NA,
257 741 288 799 A
294 740 328 799 K
351 741 407 799 λ’σα
426 730 583 817 ἀλλήλοις
603 734 703 816 ἐστίν,
727 736 796 799 ἔστι
817 732 855 800 δὲ
873 733 928 800 καὶ
947 732 986 801 τὰ
1003 741 1093 821 ΜΘ,
1110 744 1190 824 ΘΗ,

163 847 232 907 ΗΖ
264 848 319 906 ἴσα
343 835 516 924 ἀλλήλοις,
544 843 603 905 καί
624 841 714 906 ἐστιν
739 846 814 905 ἴσον
839 865 875 906 το
899 844 1031 925 πλῆθος
1054 845 1131 911 τῶν
1155 846 1190 911 ἐν

162 958 208 1038 τῷ
229 954 303 1014 ΜΖ
325 949 370 1037 τῷ
394 943 516 1031 πλήθει
539 949 608 1013 τῶν
633 947 669 1013 ἐν
693 948 739 1037 τῷ
762 947 843 1031 EX,
873 951 962 1014 ἔστιν
985 945 1052 1034 ἄρα
1080 945 1130 1028 ὡς
1154 949 1189 1018 τὸ

164 1062 233 1122 KA
256 1051 339 1138 πρὸς
358 1050 394 1119 τὸ
416 1058 492 1137 ΖΗ,
519 1048 624 1131 οὕτως
648 1050 684 1119 τὸ
705 1054 773 1128 ΚΞ
792 1050 878 1138 πρὸς
895 1051 933 1121 τὸ
953 1061 1034 1122 ΖΜ.
1074 1063 1189 1142 μεῖζον

164 1159 201 1228 δὲ
226 1163 263 1227 τὸ
285 1166 362 1225 ΖΜ
380 1162 440 1225 τοῦ
465 1161 541 1233 ΚΞ·
568 1164 679 1245 μεῖξον
703 1156 768 1247 ἄρα
792 1160 847 1226 καὶ
869 1159 906 1227 τὸ
930 1167 998 1227 ΗΖ
1023 1165 1090 1228 τοῦ
1111 1170 1191 1232 AK.

111 1287 144 1336 10
163 1272 222 1334 καί
242 1268 311 1334 ἐστι
335 1263 372 1332 τὸ
396 1264 458 1350 μὲν
482 1272 553 1332 ΖΗ
573 1271 649 1331 ἴσον
672 1269 718 1358 τῷ
744 1271 785 1351 Γ,
813 1264 851 1335 τὸ
877 1266 915 1334 δὲ
936 1272 1005 1333 KA
1029 1269 1077 1360 τῷ
1105 1280 1189 1338 ΑΔ·

163 1373 200 1442 τὸ
226 1377 258 1440 Γ
278 1369 343 1457 ἄρα
366 1368 479 1458 μεῖζόν
504 1375 571 1439 ἐστι
591 1382 653 1438 τοῦ
677 1379 760 1440 AA·
790 1369 871 1460 ὅπερ
896 1377 962 1441 ἔδει
987 1377 1108 1455 δεῖξαι.

493 1674 543 1738 Ad
567 1675 639 1739 libr.
662 1674 692 1738 X
715 1697 806 1760 prop.
831 1677 861 1742 6.

529 1776 675 1858 ’Ἁλλως
698 1781 740 1846 τὸ
766 1778 806 1850 ς’.

231 1898 306 1969 Δύο
326 1898 390 1988 γὰρ
405 1903 530 1988 μεγέθη
545 1900 585 1968 τὰ
602 1911 643 1987 Α,
658 1909 687 1970 Β
705 1901 789 1991 πρὸς
808 1901 934 1991 ἄλληλα
953 1903 1058 1991 λόγον
1077 1909 1191 1996 ἐχέτω,

164 2007 205 2079 ὃν
229 2006 375 2097 ἀριθμὸς
394 2004 411 2075 ὃ
431 2013 463 2075 Γ
481 2009 564 2096 πρὸς
583 2006 733 2095 ἀριθμὸν
753 2008 812 2079 τὸν
834 2019 880 2076 Δ·
909 2013 1005 2097 λέγω,
1031 2010 1087 2081 ὅτι
1109 2015 1191 2104 σύμ-

112 2139 145 2187 15
164 2115 266 2204 μετρά
291 2114 422 2184 ἐστιτὰ
447 2117 582 2202 μεγέθη.

222 2218 317 2289 Ὅσαι
342 2221 407 2309 γάρ
432 2225 516 2290 εἰσιν
544 2225 580 2290 ἐν
598 2226 644 2314 τῷ
665 2229 697 2289 Γ
715 2223 871 2310 μονάδες,
895 2227 942 2302 εἰς
960 2229 1114 2295 τοσαῦτα
1135 2237 1191 2298 ἶσα

165 2327 341 2417 διῃρήσθω
361 2327 398 2396 τὸ
420 2338 461 2414 A,
485 2329 540 2395 καὶ
561 2329 612 2397 ἑνὶ
631 2326 743 2398 αὐτῶν
764 2337 839 2398 ἴσον
861 2335 943 2397 ἔστω
966 2329 1003 2397 τὸ
1025 2338 1070 2397 Ε·
1098 2341 1191 2403 ἔστιν

164 2433 230 2520 ἄρα
249 2434 294 2515 ὡς
314 2431 334 2519 ἡ
355 2433 461 2520 μονὰς
479 2459 562 2524 ττρος
580 2435 641 2504 τὸν
655 2441 688 2503 Γ
702 2434 863 2523 ἀριθμόν,
887 2435 924 2504 τὸ
940 2444 971 2504 Ε
987 2439 1074 2524 πρὸς
1094 2441 1134 2509 τὸ
1151 2453 1193 2512 A.

165 2544 234 2606 ἔστι
263 2540 299 2606 δὲ
327 2541 383 2608 καὶ
412 2538 456 2620 ὡς
485 2539 502 2608 ὁ
528 2546 560 2608 Γ
578 2544 660 2628 πρὸς
686 2541 747 2611 τὸν
772 2553 820 2629 A,
853 2545 890 2611 τὸ
914 2553 945 2610 A
971 2542 1055 2630 πρὸς
1080 2546 1121 2616 τό
1149 2556 1191 2617 Β·

111 2671 146 2718 20
165 2641 211 2712 δι’
243 2652 321 2712 ἴσου
349 2643 414 2730 ἄρα
443 2647 533 2716 ἐστὶν
562 2646 607 2729 ὡς
634 2647 656 2732 ἡ
683 2646 789 2736 μονὰς
819 2651 902 2737 πρὸς
927 2648 989 2717 τὸν
1018 2659 1063 2732 Δ,
1090 2653 1131 2723 τὸ
1163 2664 1194 2724 Ε

163 2750 250 2838 πρὸς
277 2751 314 2820 τὸ
339 2760 376 2821 Β.
423 2768 536 2839 μετρεῖ
563 2754 600 2822 δὲ
628 2755 683 2822 καὶ
716 2753 736 2842 ἡ
764 2755 871 2842 μονὰς
898 2757 957 2824 τὸν
986 2765 1033 2823 Δ·
1074 2777 1195 2848 μετρεῖ

164 2857 230 2947 ἄρα
253 2859 309 2926 καὶ
333 2857 371 2928 τὸ
396 2867 427 2927 Ε
447 2858 485 2929 zo*
511 2868 548 2930 Β.
594 2875 707 2947 μετρεῖ
729 2861 766 2929 δὲ
789 2863 844 2930 καὶ
867 2862 904 2930 τὸ
930 2870 961 2930 Ε
982 2860 1020 2930 τὸ
1045 2874 1092 2952 Α,
1120 2869 1193 2937 ἐπεὶ

164 2966 219 3032 καὶ
248 2964 268 3051 ἡ
297 2965 404 3053 μονὰς
431 2967 493 3034 τὸν
517 2974 556 3035 Γ·
594 2969 631 3035 τὸ
656 2976 687 3035 Ε
713 2967 778 3056 ἄρα
807 2967 963 3056 ἑκάτερον
993 2973 1060 3038 τῶν
1086 2982 1137 3058 A,
1164 2982 1192 3043 Β

236 3150 260 3197 2.
280 3141 349 3199 Post
368 3145 461 3211 δεῖξαι
480 3163 507 3215 p.
528 3151 571 3214 22,
591 3151 607 3200 2
627 3145 741 3216 BFVb,
760 3164 817 3218 mg.
836 3164 873 3202 m.
894 3152 907 3201 1
928 3145 958 3199 P.

164 3255 378 3263 --——--—.-.

237 3310 261 3357 1.
281 3305 346 3374 AB]
367 3309 422 3358 BA
440 3303 469 3359 P.
545 3310 569 3359 2.
589 3303 634 3377 τό]
656 3305 755 3376 (prius)
774 3307 812 3380 τῷ
833 3306 864 3362 Β.
929 3306 1049 3380 τῷ]τοῦ
1072 3308 1101 3366 b,
1167 3320 1193 3370 3,

165 3369 209 3445 τό]
229 3389 299 3430 corr.
314 3391 349 3429 ex
362 3375 413 3428 τοῦ
427 3392 463 3429 m.
481 3381 493 3428 1
514 3375 544 3428 F.
607 3383 631 3430 4.
652 3379 748 3446 μεῖζόν
768 3373 827 3432 ἐστι
846 3373 877 3432 τὸ
896 3381 957 3431 ΜΖ
975 3380 1002 3433 b.
1066 3386 1092 3434 ὁ.
1114 3388 1177 3440 AK

166 3443 393 3500 KAinras.V.
468 3446 709 3517 6.ΗΖ]ΖΗΓ.
783 3443 1192 3521 τῶνέντῷΜΖ]ω.2.

202 3523 226 3572 λ.
244 3517 296 3590 τῷ]
316 3517 387 3586 (alt.)
407 3517 468 3570 ἴσον
488 3521 525 3590 τῷ
544 3515 654 3572 PBFb.
724 3519 891 3591 &Amin
911 3537 963 3576 ras.
983 3520 1016 3574 V.
1097 3529 1122 3583 8.
1145 3525 1192 3600 τό]
