2474 3908
135 193 201 259 220
522 190 726 243 ΣΤοιΧΕΙαΝ
745 185 772 242 ι’.

135 337 297 405 ἐκκείσθω
322 332 404 420 ῥητή
428 330 449 420 ή
469 339 543 418 ΕΖ,
566 332 622 399 καὶ
645 335 690 423 τῷ
716 330 780 418 μὲν
797 338 863 398 ΑΒ
887 338 964 400 ἴσον
982 329 1071 419 παρὰ
1092 330 1159 418 τήν

135 450 197 510 ΕΖ
225 438 495 529 παραβεβλήσθω
523 437 562 506 τὸ
592 444 666 505 ΕΗ
692 439 815 518 πλάτος
845 448 966 506 ποιοῦν
993 435 1056 522 τήν
1082 446 1157 526 ΕΘ,

135 551 181 638 τῷ
206 546 244 615 δέ
267 553 329 614 ΓΛ
352 554 428 614 ίσον
451 544 490 613 τὸ
514 553 570 613 ΘΙ
595 542 719 624 πλάτος
741 549 864 613 ποιοῦν
891 543 953 630 τήν
977 551 1052 613 ΘΚ.
1099 546 1157 613 καὶ

137 654 206 722 ἐπεὶ
230 651 334 740 μέσον
358 653 449 720 ἐστίν
473 650 632 737 ἑκάτερον
656 654 724 718 τάν
743 658 824 736 ΑΒ,
848 657 929 734 ΓΛ,
956 649 1062 738 μέσον
1090 650 1158 739 άρα

102 761 194 832 ικαὶ
217 759 374 847 ἑκάτερον
397 761 465 826 τάν
483 765 565 842 ΕΗ,
585 764 647 826 ΘΙ.
674 756 742 824 καὶ
765 760 853 844 παρὰ
878 760 983 844 ῥητήν
1006 756 1070 843 τήν
1094 765 1161 826 ΖΕ

135 866 332 956 παράκειται
346 863 469 944 πλάτος
482 867 604 932 ποιοῦν
618 861 677 943 τὰς
690 870 758 949 ΕΘ,
769 869 833 930 ΘΚ
837 884 844 897 ’
863 863 1002 949 ἑκατέρα
1012 863 1078 950 ἄρα
1087 868 1160 933 τάν

129 982 203 1059 ΕΘ,
213 980 282 1041 ΘΚ
294 971 377 1059 ῥητή
394 970 531 1040 ἐστικαὶ
547 969 757 1058 άσάμμετρος
770 974 810 1058 τῇ
819 976 881 1037 ΕΖ
891 969 996 1057 μήκει.
1019 972 1076 1038 καὶ
1087 972 1159 1039 ἐπεὶ

136 1079 350 1168 ἀσύμμετρόν
380 1080 449 1147 ἐστι
476 1076 513 1146 τὸ
538 1084 603 1145 ΑΒ
632 1081 677 1168 τῷ
706 1083 787 1162 ΓΛ,
820 1081 879 1143 καί
900 1079 990 1144 ἐστιν
1015 1085 1092 1145 λ’σον
1119 1102 1159 1145 το

136 1188 198 1275 μέν
222 1194 287 1255 ΑΒ
311 1189 356 1277 τῷ
373 1192 455 1271 ΕΗ,
483 1182 521 1252 τὸ
546 1183 584 1252 δέ
606 1190 669 1251 ΓΛ
692 1186 737 1274 τῷ
761 1190 829 1268 ΘΙ,
854 1181 1067 1270 ἀσύμμετρον
1091 1180 1159 1270 άρα

83 1317 117 1366 10
137 1294 206 1363 έστλ
228 1293 284 1361 καὶ
313 1294 351 1360 τὸ
374 1298 447 1359 ΕΗ
469 1296 516 1382 τῷ
541 1297 602 1358 ΘΙ.
645 1287 690 1368 ὡς
713 1289 751 1357 δὲ
773 1288 811 1357 τὸ
834 1296 907 1357 ΕΗ
924 1287 1008 1375 πρὸς
1030 1290 1070 1357 τὸ
1093 1297 1159 1375 ΘΙ,

137 1397 244 1477 οὕτως
267 1398 356 1465 ἐστὶν
376 1395 397 1483 ή
414 1404 478 1464 ΕΘ
500 1395 583 1485 πρὸς
601 1403 680 1464 ΘΚ·
704 1395 915 1484 ἀσύμμετρος
933 1395 999 1484 άρα
1023 1392 1160 1482 έστὶνή

140 1512 203 1572 ΕΘ
217 1507 256 1590 τῇ
276 1508 344 1571 ΘΚ
360 1502 464 1590 μήκει.
493 1506 530 1570 αί
543 1510 615 1589 ΕΘ,
634 1509 703 1570 ΘΚ
718 1501 785 1591 άρα
805 1504 905 1589 ῥηταί
926 1507 990 1571 είσι
1014 1502 1159 1590 δυνάμει

137 1612 246 1697 μόνον
270 1608 466 1697 σύμμετροι·
497 1611 532 1677 ἐκ
556 1607 619 1677 δύο
645 1606 710 1697 άρα
730 1605 907 1696 ὀνομάτων
931 1610 1022 1678 έστλν
1041 1606 1063 1695 ή
1080 1616 1160 1678 ΕΚ.

137 1715 211 1804 ήτοι
235 1715 273 1784 δὲ
300 1712 320 1801 ή
343 1723 406 1783 ΕΘ
428 1718 486 1801 τής
511 1723 579 1783 ΘΚ
605 1721 716 1801 μεῖζον
746 1714 888 1783 δύναται
915 1725 961 1809 τῷ
987 1712 1052 1784 άπὸ
1078 1736 1160 1804 συμ-

85 1848 117 1898 15
137 1822 260 1909 μέτρου
284 1823 385 1910 έαυτή
409 1818 430 1909 ή
458 1825 503 1913 τῷ
527 1819 592 1891 άπὸ
617 1818 842 1911 άσυμμέτρον.
888 1821 1052 1891 δυνάσθω
1076 1821 1161 1911 πρό-

137 1952 235 2014 τερον
258 1931 304 2021 τῷ
329 1926 394 1997 άπὸ
419 1929 609 2017 συμμέτρου
634 1930 734 2017 έαντή
763 1928 872 2016 μήκει·
915 1931 971 1997 καὶ
995 1928 1161 2016 οὐδετέρα

136 2039 204 2103 τάν
233 2042 312 2122 ΕΘ,
337 2041 405 2103 ΘΚ
430 2034 618 2123 σύμμετρός
647 2037 715 2104 ἐστι
742 2039 781 2124 τή
813 2035 984 2124 ἐκκειμένῃ
1008 2037 1092 2123 ῥητή
1115 2040 1158 2125 τή

136 2147 200 2208 ΕΖ
223 2141 332 2228 μήκει·
368 2139 389 2229 ή
414 2148 486 2209 ΕΚ
506 2141 572 2231 άρα
595 2144 631 2211 έκ
659 2141 722 2210 δύο
752 2138 929 2228 ὀνομάτων
958 2143 1027 2210 ἐστὶ
1055 2147 1160 2230 τρίτη.

138 2246 219 2335 ῥητή
245 2248 283 2316 δέ
306 2247 326 2335 ή
347 2255 425 2315 ΕΖ·
463 2247 524 2316 ἐὰν
547 2248 585 2316 δὲ
607 2253 732 2336 χωρίον
756 2249 944 2337 περιέχηται
968 2246 1033 2317 ὑπὸ
1059 2250 1162 2337 ῥητής

84 2380 118 2429 20
136 2354 192 2422 καὶ
214 2357 273 2440 τής
297 2355 332 2421 ἐκ
356 2353 419 2421 δύο
443 2350 620 2440 ὀνομάτων
643 2359 771 2443 τρίτης,
796 2352 818 2440 ή
845 2353 883 2423 τὸ
907 2360 1033 2444 χωρίον
1058 2358 1157 2424 δυνα-

138 2462 221 2547 μένη
246 2462 282 2528 ἐκ
306 2459 368 2528 δύο
393 2461 503 2546 μέσων
528 2462 595 2528 ἐστὶ
617 2463 768 2549 δευτέρα·
791 2459 812 2548 ή
832 2459 898 2550 άρα
916 2464 954 2529 τὸ
974 2468 1041 2547 ΕΙ,
1065 2487 1161 2530 τουτ-

138 2566 208 2634 έστι
237 2565 275 2634 τὸ
304 2573 336 2632 Α
342 2574 391 2652 Δ,
425 2568 594 2654 δυναμένη
624 2570 660 2636 ἐκ
688 2566 751 2636 δύο
780 2568 892 2655 μέσων
917 2566 987 2636 ἐστὶ
1011 2569 1162 2656 δευτέρα.

138 2669 222 2739 άλλα
257 2670 298 2759 δή
332 2669 449 2759 ήἘΘ
480 2676 539 2758 τής
571 2680 639 2741 ΘΚ
670 2680 782 2760 μεῖζον
815 2675 979 2742 δυνάσθω
1012 2677 1058 2765 τῷ
1091 2671 1158 2742 άπο

138 2774 352 2867 ἀσυμμέτρου
376 2780 476 2870 ἑαυτῇ
500 2777 610 2867 μήκει·
652 2780 707 2847 καὶ
735 2777 947 2868 ἀσύμμετρός
975 2782 1066 2848 ἐστιν
1090 2780 1162 2849 ἕκα-

84 2911 119 2961 25
138 2886 216 2974 τέρα
238 2895 307 2955 τῶν
329 2893 405 2969 ΕΘ,
429 2892 498 2953 ΘΚ
517 2889 557 2974 τῇ
582 2893 645 2953 ΕΖ
667 2884 776 2974 μήκει·
809 2884 830 2974 ή
854 2884 921 2975 άρα
944 2892 1014 2954 ΕΚ
1035 2887 1071 2954 έκ
1095 2885 1159 2954 δύο

141 2989 318 3080 ὀνομάτων
342 2994 434 3062 ἐστὶν
457 2994 541 3080 έκτη.
588 2992 648 3061 έὰν
672 2993 710 3061 δὲ
732 2999 858 3082 χωρίον
882 2993 1070 3080 περιέχηται
1093 2989 1160 3060 ὑπὸ

140 3099 242 3184 ῥητής
264 3099 321 3165 καὶ
344 3103 402 3185 τής
427 3102 463 3167 ἐκ
488 3100 551 3167 δύο
576 3097 753 3185 ὀνομάτων
777 3101 886 3186 ἕκτης,
919 3098 939 3186 ή
967 3097 1005 3168 τὸ
1033 3105 1161 3186 χωρίον

213 3333 238 3381 1.
257 3347 298 3389 τις
318 3323 386 3397 ὀητή
406 3328 437 3382 Ε.
492 3328 544 3399 τῷ]
563 3344 633 3383 corr.
653 3345 687 3382 ex
705 3325 737 3384 τό
756 3327 869 3385 m.2P.
925 3335 950 3383 2.
970 3329 1045 3401 ΕΗ]
1066 3331 1160 3385 EZb.

177 3403 201 3454 3.
221 3397 293 3453 Post
311 3400 372 3452 ἴσον
392 3397 456 3453 add.
476 3395 554 3470 παρὰ
574 3396 626 3468 τήν
646 3401 707 3453 ΘΗ
723 3399 756 3468 V,
776 3400 830 3455 del.
850 3418 887 3456 m.
907 3407 932 3454 2.
1001 3406 1027 3455 4.
1048 3395 1115 3456 ἐπεί
1127 3431 1161 3442 -

141 3465 198 3539 ἄρα
217 3468 284 3541 καί]
305 3486 359 3525 om.
379 3470 405 3524 b.
471 3475 495 3525 ὅ.
515 3469 583 3541 τῶν]
605 3486 675 3524 corr.
695 3487 729 3525 ex
746 3466 778 3525 τό
797 3489 833 3526 m.
854 3477 870 3525 2
889 3471 916 3527 b.
977 3471 1161 3598 ΕΗχιομτν.

59 3532 295 3672 saddssb.
363 3541 426 3612 ΘΙ]
447 3543 511 3610 ΘΓ,
531 3559 617 3611 supra
635 3541 698 3596 add.
719 3546 755 3611 H,
773 3541 801 3596 b.
866 3542 931 3614 καί]
950 3548 1024 3599 m.2
1068 3586 1074 3600 .
1135 3548 1160 3600 6.
