2474 3908
629 647 661 720 ι’.

583 815 702 905 Ὅροι.

201 942 241 1010 α’.
265 941 480 1048 Σέμμε-τρα
499 942 647 1030 μεγέθη
666 943 793 1029 λέγεται
813 941 852 1009 τά
872 952 918 1034 τῷ
938 939 1027 1034 αὐτῷ
1042 946 1150 1036 μέτρμ

133 1037 361 1136 μετρούμενα,
400 1045 632 1136 ἀσύμμετρα
666 1051 721 1135 δέ,
760 1039 809 1116 ὦν
841 1049 947 1136 μηδὲν
985 1052 1150 1137 ἐνδέχεται

132 1156 250 1224 κοινὸν
273 1157 396 1243 μέτρον
418 1155 587 1242 γενέσθαι.

11 1248 156 1414 ὤ,
200 1260 241 1346 δ.
260 1260 405 1329 Εὐθεῖαι
421 1258 589 1358 δυνάμει
604 1261 823 1353 σύμμρετοί
834 1264 931 1346 είσιν,
947 1259 1029 1330 ὅταν
1043 1265 1082 1330 τὰ
1094 1259 1147 1330 ἀπ’

135 1365 249 1436 αὐτῶν
271 1368 463 1455 τετράγωνα
493 1371 539 1458 τῷ
570 1365 662 1458 αὐτῷ
690 1372 801 1458 χωρίῳ
829 1372 1003 1455 μετρῆται,
1027 1366 1149 1455 άσύμ-

132 1500 268 1563 μετροι
298 1475 350 1560 δέ,
383 1471 464 1542 ὅταν
493 1486 565 1552 τοῖς
586 1468 639 1540 ἀπ’
665 1470 778 1542 αὐτῶν
801 1472 1021 1561 τετραγώνοις
1044 1475 1149 1561 μηδὲν

132 1582 305 1668 ἐνδέχηται
329 1584 454 1667 χωρίον
476 1577 595 1648 κοινὸν
618 1581 741 1667 μέτρον
762 1581 930 1665 γενέσθαι.

199 1686 239 1773 μ’.
266 1686 404 1755 Τούτων
427 1683 658 1773 ὑποκειμένων
682 1691 866 1772 δείκνυται,
896 1684 1009 1775 ὅτιτῇ
1034 1711 1149 1774 προτε-

80 1817 114 1867 10
132 1799 232 1882 θείση
252 1789 370 1883 εὐθείᾳ
392 1789 604 1881 ὑπάρχουσιν
625 1790 756 1860 εὐθεῖαι
774 1790 897 1878 πλήθει
917 1792 1049 1880 άπειροι
1068 1794 1149 1879 σάμ-

131 1906 249 1988 μετροί
268 1925 303 1967 τε
325 1899 381 1966 καὶ
405 1897 608 1987 ἀσύμμετροι
632 1901 670 1966 αί
690 1898 752 1985 μὲν
775 1897 872 1984 μήκει
901 1897 1025 1985 μόνον,
1052 1903 1089 1966 αί
1111 1901 1149 1968 δὲ

130 2006 186 2074 καί
211 2004 361 2095 δυνάμει.
396 2011 564 2074 καλείσθω
590 1996 653 2074 οὖν
675 2002 697 2092 ἡ
721 2004 782 2092 μὲν
805 2015 1008 2092 προτεθεῖσα
1032 2003 1149 2074 εὐθεῖα

131 2112 242 2202 ῥητή,
264 2114 320 2181 καί
345 2117 382 2181 αί
397 2112 500 2202 ταύτῃ
525 2112 706 2201 σύμμετροι
730 2121 795 2180 είτε
818 2111 913 2198 μήκει
931 2112 987 2179 καί
1007 2113 1148 2199 δυνάμει

131 2229 195 2288 είτε
219 2219 360 2308 δυνάμει
384 2219 492 2306 μόνον
516 2221 646 2306 ῥηταί,
681 2220 719 2286 αί
747 2217 785 2286 δὲ
811 2217 914 2306 ταάτη
942 2217 1147 2307 άσάμμετροι

79 2350 112 2400 15
133 2325 276 2413 άλοχοι
299 2331 542 2394 καλείσθωσαν.

198 2433 227 2500 δ
230 2489 236 2501 .
260 2433 329 2500 Καὶ
347 2431 385 2500 τὸ
406 2431 467 2518 μὲν
487 2429 552 2499 άπὸ
572 2434 631 2517 της
649 2437 866 2518 προτεθείσης
885 2428 1020 2512 εὐθείας
1038 2432 1148 2519 τετρά-

129 2565 243 2626 γωνον
267 2537 403 2626 ῥητόν,
430 2538 486 2606 καί
509 2537 550 2606 τά
574 2539 681 2628 τούτῳ
706 2536 875 2626 σύμμετρα
904 2537 1016 2625 ῥητά,
1044 2538 1084 2605 τά
1110 2538 1148 2606 δὲ

128 2644 236 2737 τούτῳ
261 2643 454 2733 ἀσύμμετρα
477 2643 601 2731 άλοχα
623 2649 803 2727 καλείσθω,
826 2645 882 2712 καὶ
906 2647 943 2711 αί
961 2645 1147 2730 δυνάμεναι

201 2803 246 2858 Ad
260 2802 322 2860 deff.
333 2802 382 2858 cfr.
392 2805 468 2859 Hero
483 2802 545 2860 deff.
558 2809 707 2871 128-129,
722 2803 885 2874 Anonymus
896 2803 1037 2858 Hultschii
1047 2823 1074 2873 p.
1085 2810 1147 2873 256,

128 2875 284 2932 Martianus
303 2874 418 2944 Capella
436 2874 483 2943 VI,
504 2879 563 2930 718.

198 3030 353 3089 Εὐκλείδου
368 3036 511 3104 στοιχείων
525 3038 544 3090 ῖ
557 3035 621 3104 PV,
640 3028 799 3089 Εὐκλείδου
815 3035 959 3104 στοιχείων
973 3036 1023 3103 ’τῆς
1034 3033 1147 3098 θέωνος

129 3102 268 3168 ἐκδόσεως
285 3110 304 3160 ἴ
321 3107 352 3172 F,
372 3100 532 3161 Εὐκλείδου
556 3107 701 3176 στοιχείων
720 3109 738 3159 ι’
756 3106 805 3175 τῆς
823 3104 934 3169 θέωνος
959 3101 1098 3168 ἐκδόσεως
1119 3107 1145 3160 b.

131 3184 157 3232 1.
176 3171 248 3248 ὅροι]
268 3195 321 3232 om.
342 3177 431 3246 PFV,
455 3172 516 3246 ὅροι
535 3177 586 3232 τοῦ
605 3179 670 3246 fb,
695 3170 763 3245 δροσ
780 3177 831 3232 τοῦ
854 3183 870 3231 ῖ
891 3178 922 3231 Β.
942 3193 1071 3232 numeros
1091 3194 1146 3233 om.

130 3249 210 3304 codd.
283 3254 308 3304 5.
335 3249 408 3304 Ante
427 3245 580 3319 σύμμετροι
598 3265 654 3303 ras,
674 3253 689 3301 1
708 3246 804 3303 ΙίιιΡ,
878 3253 902 3303 8.
924 3243 1070 3317 ἐνδέχεται
1089 3249 1146 3317 οφ.

128 3326 153 3375 9.
173 3321 361 3391 προστεθείση
380 3322 399 3375 b
418 3321 447 3374 et
466 3337 481 3374 ε
501 3337 569 3375 corr.
588 3320 617 3375 F.
683 3324 726 3373 10.
745 3320 814 3374 Post
828 3315 932 3373 εὐθεῖα
951 3319 1014 3374 add.
1034 3319 1145 3373 Theon':

126 3390 271 3447 τουτέστιν
294 3386 345 3460 εἶφ’
371 3383 405 3478 άχς
426 3388 509 3445 θέσει
532 3387 567 3445 τά
591 3388 679 3461 μέτρα
701 3385 733 3444 τά
757 3409 786 3445 τε
813 3373 955 3459 πηχυαίου
973 3390 1021 3443 καλ
1041 3386 1072 3442 τὸ
1092 3409 1145 3442 πα-

63 3450 285 3568 Νστιαῑον
299 3461 349 3517 καλ
362 3481 394 3516 το
409 3464 592 3517 δακτυλιαῖον
606 3455 624 3531 ἢ
639 3457 671 3516 τὸ
685 3462 817 3516 ποδιαῖον
826 3457 1001 3532 λαμβάνεται
1011 3460 1146 3530 (BFVb).
