2474 3908
507 678 618 752 Liber
644 679 687 753 X.

455 853 732 921 Definitiones.

155 982 182 1043 1.
214 977 456 1064 Magnitudines
484 978 792 1076 commensurabiles
820 983 990 1064 uocantur,
1022 1002 1102 1064 quas

85 1085 197 1150 eadem
216 1106 369 1149 mensura
387 1085 495 1149 metiri
514 1084 599 1168 licet,
618 1085 964 1151 incommensurabiles
984 1090 1103 1171 autem,

85 1214 221 1277 quarum
245 1192 425 1256 communis
451 1212 602 1255 mensura
625 1191 764 1255 inueniri
787 1193 910 1276 nequit

152 1299 182 1362 2.
215 1297 337 1363 Recine
351 1297 500 1382 potentia
520 1299 828 1363 commensurabiles
849 1303 933 1383 sunt,
951 1299 1008 1364 ubi
1024 1322 1101 1385 qua-

85 1403 178 1469 drata
192 1426 301 1470 earum
316 1403 428 1468 eadem
439 1425 591 1468 mensura
605 1403 713 1469 metiri
728 1405 813 1490 licet,
828 1405 1101 1470 incommensura-

83 1510 167 1574 biles
198 1514 320 1594 autem,
348 1509 405 1574 ubi
434 1510 560 1573 nullum
589 1511 731 1594 spatium
760 1513 940 1576 communis
965 1512 1102 1596 quadra-

82 1621 191 1681 torum
215 1639 328 1681 aarum
350 1637 502 1680 mensura
525 1616 666 1681 inueniri
689 1622 807 1702 potest.

150 1723 180 1788 3.
211 1722 273 1787 His
297 1722 475 1807 suppositis
499 1721 749 1808 demonstratur,
771 1728 876 1789 rectas
898 1745 1034 1791 numero
1052 1725 1099 1791 in·

82 1829 191 1894 finitas
211 1851 282 1894 esse
302 1828 396 1894 datae
415 1831 522 1892 rectae
537 1830 841 1895 commensurabiles
856 1835 890 1895 et
904 1832 1100 1897 incommen-

83 1936 243 2000 surabiles
271 1935 391 2019 partim
414 1935 620 2019 longitudine
642 1939 784 2021 tantum,
807 1936 927 2021 partim
951 1939 1100 2022 potentia

83 2063 220 2127 quoque.
248 2043 314 2106 iarn
339 2042 414 2106 data
436 2046 527 2106 recta
549 2042 720 2107 rationalis
743 2047 885 2126 uocetur,
909 2046 942 2107 et
964 2065 1046 2127 quae
1070 2045 1100 2108 ei

82 2148 392 2213 commensurabiles
428 2153 505 2213 sunt
543 2149 612 2212 siue
648 2148 853 2233 longitudine
888 2151 1100 2235 potentiaque

82 2255 151 2319 siue
179 2254 330 2338 potentia
351 2258 494 2340 tantum,
524 2255 716 2339 rationales,
745 2277 828 2340 quae
857 2260 964 2320 autem
993 2257 1023 2320 ei
1050 2256 1099 2320 in·

82 2362 392 2426 commensurabiles
417 2365 501 2444 sunt,
524 2362 731 2426 irrationales
755 2365 919 2428 nocentur.

147 2469 178 2531 4.
214 2467 260 2531 Et
288 2467 481 2553 quadratum
512 2469 607 2533 datae
634 2471 742 2533 rectae
770 2468 928 2533 rationale
956 2473 1099 2553 uocetur,

79 2578 113 2638 et
132 2596 213 2658 quae
231 2575 262 2638 ei
276 2573 579 2639 commensurabilia
593 2576 678 2656 sunt,
692 2573 876 2658 rationalia,
891 2596 973 2659 quae
989 2580 1099 2639 autem

79 2681 110 2745 ei
133 2679 474 2746 incommensurabilis
493 2683 578 2765 sunt,
595 2680 810 2763 irrationalia,
829 2683 862 2744 et
880 2685 996 2763 rectae,
1015 2702 1097 2765 quae

77 2923 200 3013 πλήθει]
220 2942 275 2982 om.
295 2926 325 2980 F
381 2943 415 2981 σο
407 2921 537 2995 μετροί
547 2945 577 2981 τε
593 2947 629 2980 αα
631 2926 758 2997 l]supra
776 2942 827 2981 scr.
847 2945 884 2983 m.
898 2927 998 2981 rec..P
1054 2933 1095 2982 11

76 2994 181 3066 μόνον,
208 2994 388 3068 alequa.
456 3014 509 3052 eon
532 2997 666 3068 ()BFVb.
740 3003 782 3053 12.
805 2999 874 3052 Post
892 2994 1012 3068 δυνάμει
1031 2999 1095 3054 add.

75 3017 185 3124 Theon’:
213 3067 246 3123 αἱ
267 3065 299 3122 δὲ
326 3065 446 3155 δυνάμει
465 3063 554 3139 μόνον
573 3067 708 3139 (BFVb).
785 3074 975 3137 προστεθεῖσα
994 3069 1013 3122 b
1033 3072 1095 3124 ete
1159 3068 1162 3073 ’

77 3155 149 3195 corr
169 3141 199 3196 F.
274 3144 315 3196 14.
336 3137 533 3225 o6ousroorb,
553 3156 621 3197 corr.
640 3158 676 3194 m.
695 3157 764 3230 rec,;
784 3140 885 3196 deinde
903 3141 967 3196 add.
985 3140 1095 3196 Theon.

77 3206 151 3265 κατὰ
171 3206 203 3264 τὸ
214 3229 312 3296 σαααμ
337 3207 435 3279 ότεροα
451 3212 526 3280 (ova
541 3227 595 3266 om.
610 3212 649 3280 b),
667 3209 812 3267 τουτέστιν
827 3213 887 3280 (καὶ
899 3212 952 3267 del
963 3213 996 3281 F)
1012 3209 1096 3282 μήκει

76 3282 126 3336 καὶ
148 3278 271 3353 δυνάμει
295 3231 444 3351 (gFka
472 3281 548 3337 idem
571 3282 593 3337 P
616 3300 672 3352 mg.
692 3302 729 3338 m.
750 3289 764 3337 1
789 3301 840 3353 pro
866 3283 980 3339 scholio.
1055 3289 1095 3337 16.

78 3355 284 3442 προστεθείσης
302 3353 321 3406 b
341 3355 370 3409 et
388 3370 403 3407 e
423 3370 492 3409 corr.
511 3354 541 3409 F.
616 3360 658 3410 17.
678 3350 762 3479 ᾇητοέ
782 3372 836 3410 om.
856 3354 887 3410 F.
961 3359 1001 3409 18.
1021 3353 1095 3408 Ante

76 3421 166 3494 ἄλογα
190 3426 254 3480 add.
279 3421 352 3479 κατὰ
375 3421 407 3480 τὸ
432 3420 702 3495 σοααμφότερονῈς
759 3442 803 3480 em
826 3424 849 3479 P
871 3444 927 3495 mg.
947 3444 982 3480 m.
1005 3430 1018 3477 1
1043 3441 1094 3493 pro

77 3496 192 3553 scholio.
266 3498 462 3552 καλείσθωσαν
481 3495 578 3552 Theon
596 3495 734 3566 (BFVbl.

915 3583 954 3636 xis
