2474 3908
389 159 663 213 naarmnroaun
681 160 790 212 mena
808 162 841 213 rr.
1056 159 1126 226 355

110 303 234 367 mediae
263 305 432 386 apotomes
461 302 619 368 secundae
647 303 802 369 rationali
826 303 1024 388 adplicatum
1047 305 1122 370 lati·

109 409 256 474 tudinem
281 408 382 474 effioit
405 413 580 493 apotomen
602 410 733 474 tertiam
758 411 863 494 [prop.
885 408 1005 491 XCIX]
1012 462 1021 495 ,
1047 433 1123 497 qua·
1165 488 1172 498 ¹

110 515 239 580 dratum
259 518 368 580 autem
384 515 520 580 minoris
534 514 688 580 rationali
703 514 902 601 adplicatum
916 516 1123 582 latitudinem

110 622 210 688 efficit
233 626 408 707 apotomen
431 626 581 705 quartam
605 625 710 706 [prop.
726 618 776 704 O]‚
800 622 994 707 quadratum
1014 626 1124 688 autem

110 734 216 794 reatae
236 751 308 795 eum
326 728 603 793 rationalitatum
622 728 765 793 medium
782 728 954 794 efficientis
969 730 1123 795 rationali

110 836 307 919 adplicatum
321 833 528 901 latitudinem
543 834 644 899 efficit
657 837 833 919 apotomen
851 836 998 921 quintam
1018 839 1122 921 [prop.

110 941 176 1026 01],
195 941 389 1026 quadratum
408 944 516 1008 autem
530 945 637 1006 reatae
652 963 724 1006 eum
738 941 846 1007 medio
859 944 966 1007 totum
982 943 1123 1007 medium

110 1047 281 1113 efficientis
304 1048 456 1112 rationali
479 1047 678 1131 adplicatum
701 1047 908 1113 latitudinem
927 1047 1028 1113 effluit
1046 1072 1123 1134 apo·

109 1159 221 1220 tomen
245 1157 370 1219 sextam
394 1157 503 1238 [prop.
526 1152 613 1235 011}
660 1152 726 1219 iam
750 1154 904 1239 quoniam
927 1155 1123 1240 latitudines,

110 1284 190 1345 quas
210 1260 359 1345 diximus,
378 1263 411 1325 et
429 1282 448 1325 a
466 1261 571 1341 prima
590 1264 623 1325 et
641 1261 726 1326 inter
740 1282 774 1325 se
790 1260 952 1345 differunt,
971 1283 990 1325 a
1007 1261 1122 1345 prima,

109 1369 185 1454 quia
201 1367 371 1433 rationalis
390 1369 449 1451 est,
472 1366 558 1430 inter
576 1389 610 1432 se
630 1371 749 1452 autem,
767 1367 844 1452 quia
862 1367 974 1432 ordine
993 1367 1123 1432 eaedem

108 1496 175 1540 non
199 1477 284 1558 sunt,
307 1473 454 1558 adparet,
481 1474 570 1557 ipsas
598 1495 727 1559 quoque
749 1473 957 1538 irrationales
980 1473 1066 1538 inter
1089 1496 1123 1539 se

109 1581 244 1647 differre.
262 1580 307 1645 Et
317 1581 471 1667 quonlam
484 1579 788 1664 demonstrauimus,
805 1584 979 1666 apotomen
989 1581 1123 1646 eandem

108 1710 174 1753 non
197 1710 269 1753 esse
293 1709 330 1752 ae
352 1691 475 1753 rectam
494 1710 533 1753 ex
552 1688 677 1753 duobus
695 1690 882 1754 nominibus
904 1689 1009 1773 [prop.
1024 1685 1123 1771 CXI],

109 1800 142 1860 et
174 1794 329 1860 rationali
361 1793 544 1878 adplicatae
575 1796 682 1858 rectae
709 1795 915 1859 irrationales
948 1799 1123 1879 apotomen

109 1903 280 1985 sequentes
295 1898 480 1964 latitudines
492 1898 638 1963 efficiunt
652 1903 822 1984 apotomae
838 1900 1013 1975 seeundum
1028 1923 1122 1965 suum

109 2029 254 2093 quaeque
274 2006 429 2090 ordinem,
448 2005 654 2070 irrationales
674 2009 782 2072 autem
800 2009 923 2072 reetam
942 2027 982 2070 ex
997 2005 1122 2071 duobus

95 2113 295 2197 ¹nominibus
323 2116 495 2196 sequentes
522 2115 628 2176 reetas
657 2133 696 2176 ex
724 2112 848 2178 duobus
876 2112 1062 2177 nominibus
1091 2115 1124 2176 et

109 2222 200 2303 ipsae
229 2219 403 2284 seeundum
436 2240 529 2283 suum
560 2240 706 2303 quaeque
738 2198 903 2303 ordinem,
930 2218 1014 2284 aliae
1047 2222 1123 2284 sunt

108 2326 315 2392 irrationales
352 2327 527 2409 apotomen
564 2330 753 2410 sequentes,
794 2326 878 2392 aliae
915 2327 1121 2392 irrationales

108 2439 230 2499 rectam
254 2454 293 2496 ex
316 2433 441 2499 duobus
463 2432 652 2499 nominibus
677 2419 856 2516 sequentes,
879 2434 928 2498 ita
950 2437 987 2499 ut
1010 2455 1121 2499 omnes

107 2539 188 2604 XIII
211 2540 419 2606 irrationales
443 2539 554 2606 ordine
576 2538 639 2603 hae
663 2540 741 2604 sint:

178 2649 205 2711 1.
228 2645 345 2712 Media.

176 2753 205 2816 2.
229 2752 331 2817 Recta
354 2774 393 2817 ex
417 2752 760 2833 duobusnominibus.

175 2859 205 2923 3.
227 2857 279 2922 Ex
302 2857 426 2924 duabus
450 2859 565 2923 mediis
588 2858 702 2942 prima.

174 2966 204 3031 4.
227 2963 278 3029 Ex
303 2964 427 3030 duabus
449 2964 564 3029 mediis
590 2963 738 3029 secunda.

174 3072 204 3137 5.
226 3071 341 3136 Maior.

175 3181 204 3244 6.
228 3179 331 3245 Reota
346 3177 453 3263 spatio
465 3176 619 3242 rationali
633 3178 665 3241 et
676 3175 783 3241 medio
794 3177 941 3261 aequalis
952 3178 1119 3263 quadrata.

107 3372 214 3460 pinli,
239 3370 340 3443 αῑμέν
363 3373 395 3441 b,
419 3371 471 3443 μέν
491 3388 574 3458 suprp
593 3370 795 3459 adamar.
832 3439 846 3462 n
881 3380 921 3428 19.
946 3368 1048 3436 τὰςέκ
1068 3370 1121 3428 δύο

107 3442 267 3572 ppppssrrov]
283 3444 510 3586 pssfflmlg.
529 3462 618 3505 αυτας
636 3443 662 3498 b.
735 3443 807 3500 εἰσιν
827 3465 884 3515 apoc
903 3445 936 3499 V.
1008 3450 1051 3499 21.
1072 3440 1120 3514 αἱ]

905 3603 960 3658 aa*
987 3574 990 3579 ¹
