2474 3908
364 164 640 220 eanimuroauu
657 165 767 217 amaa
785 168 818 217 x.
1034 164 1100 231 223

85 309 191 394 spatio
211 309 355 392 aequalis
370 309 529 393 quadrata
542 312 632 374 reeta
647 313 698 373 est
710 309 835 373 duobus
850 309 967 392 spatiis
987 311 1100 377 mediis

84 416 231 500 aequalis
246 415 404 500 quadrata
425 418 529 500 [prop.
543 414 642 497 LIX].
680 436 779 499 quare
798 418 888 481 recta
907 417 1014 500 spatio
1029 421 1062 480 A
1067 422 1101 482 Δ

84 522 229 607 aequalis
253 522 412 606 quadrata
430 527 521 589 reeta
539 522 665 587 duobus
685 522 800 607 spatiis
819 522 935 587 mediis
954 523 1100 607 aequalis

84 629 244 713 quadrata
266 637 324 694 est.

69 720 74 729 ’
151 733 241 820 Ergo
274 736 399 800 duobus
435 735 551 820 spatiis
583 735 698 800 mediis
732 735 794 801 sibi
825 737 1099 802 incommensura-

84 841 204 906 bilibus
228 841 417 926 compositis
441 842 584 925 reliquae
607 841 689 906 duae
712 843 920 908 irrationales
944 843 1100 928 oriuntur,

84 951 141 1012 aut
162 950 251 1013 reota
269 968 308 1012 ex
326 947 451 1013 duabus
470 947 585 1012 mediis
605 948 746 1014 secunda
763 953 819 1013 aut
838 949 963 1014 duobus
983 950 1100 1033 spatiis

83 1055 199 1120 mediis
224 1054 366 1140 aequalis
390 1053 558 1138 quadrata.

151 1267 253 1332 Recta
281 1290 320 1332 ex
343 1268 468 1334 duobus
491 1269 679 1334 nominibus
709 1272 741 1333 et
764 1268 971 1334 irrationales
996 1268 1037 1333 ab
1061 1289 1099 1332 ea

83 1374 250 1440 dariuatae
278 1396 382 1459 neque
410 1376 534 1441 mediae
561 1397 666 1460 neque
693 1375 779 1440 inter
802 1397 836 1439 se
854 1375 990 1442 eaedem
1014 1377 1099 1439 sunt.

82 1503 159 1546 nam
193 1482 387 1566 quadratum
414 1482 541 1547 mediae
572 1486 680 1547 rectae
713 1482 867 1548 rationali
900 1481 1098 1567 adplicatum

81 1588 288 1653 latitudinem
307 1588 409 1654 efficit
426 1589 622 1654 rationalem
642 1593 675 1653 et
693 1593 810 1675 rectae,
831 1590 882 1654 oui
901 1588 1099 1673 adplicatum

83 1697 141 1778 est,
159 1695 364 1780 longitudine
377 1695 737 1761 incommensurabilem
754 1698 858 1781 [prop.
872 1693 991 1776 XXII].
1023 1716 1096 1778 qua·

82 1801 212 1865 dratum
241 1802 350 1865 autem
377 1804 485 1865 rectae
514 1822 552 1864 ex
576 1801 700 1866 duobus
728 1803 915 1867 nominibus
943 1800 1098 1867 rationali

84 1906 282 1990 adplicatum
308 1906 515 1972 latitudinem
542 1905 642 1971 efficit
668 1910 793 1972 rectam
821 1928 860 1972 ex
888 1908 1013 1972 duobus
1041 1929 1099 1973 no·

82 2013 225 2077 minibus
243 2013 384 2096 primam
409 2014 515 2097 [prop.
530 2011 612 2094 LXJ.
648 2013 843 2096 quadratum
862 2016 972 2077 autem
990 2017 1098 2078 reatae

82 2141 122 2185 ex
145 2120 271 2185 duabus
294 2118 411 2183 mediis
434 2118 559 2202 primae
581 2117 737 2183 rationali
764 2118 963 2201 adplicatum
987 2119 1099 2183 latitu-

82 2227 189 2292 dinem
217 2226 317 2292 effioit
343 2227 468 2290 rectam
496 2246 536 2290 ex
563 2225 687 2290 duobus
710 2224 897 2290 nominibus
925 2224 1099 2290 secundam

83 2338 188 2418 [prop.
202 2332 301 2415 LXI].
335 2332 529 2416 quadratum
545 2334 654 2397 autem
668 2334 776 2397 reatae
791 2352 830 2396 ex
844 2332 969 2397 duabus
982 2332 1098 2398 mediis

81 2439 240 2506 secundae
254 2439 409 2505 rationali
423 2438 622 2523 adplicatum
636 2438 842 2503 latitudinem
861 2438 962 2504 efficit
974 2443 1098 2505 rectam
1213 2528 1218 2535 ,

82 2556 121 2613 e'x
136 2547 261 2613 duobus
279 2545 468 2612 nominibus
486 2546 619 2628 tertiam
639 2548 744 2630 [prop.-
758 2544 874 2627 LXII]⁸
903 2546 1097 2630 quadratum

47 2718 51 2725 ,
82 2658 190 2718 autem
213 2652 346 2719 maioris
369 2653 523 2718 rationali
547 2652 744 2737 adplicatum
767 2652 974 2718 latitudinem
997 2653 1098 2718 efficit

81 2762 204 2825 rectam
232 2781 271 2825 ex
298 2759 424 2824 duobus
451 2758 638 2825 nominibus
661 2762 812 2842 quartam
837 2761 941 2844 [prop.
964 2758 1097 2840 LXIII].

82 2865 276 2948 quadratum
299 2867 407 2930 autem
429 2869 535 2930 reatae
560 2865 667 2949 spatio
690 2865 844 2930 rationali
867 2869 900 2929 et
922 2864 1028 2930 medio
1048 2887 1099 2929 ae-

82 2971 189 3057 qualis
205 2971 381 3056 quadratae
394 2971 549 3036 rationali
563 2971 761 3054 adplicatum
776 2970 983 3035 latitudinem
998 2971 1100 3035 efficit

81 3083 204 3146 rectam
232 3100 271 3144 ex
298 3078 423 3144 duobus
450 3076 637 3143 nominibus
664 3077 811 3161 quintam
837 3079 942 3161 [prop.
965 3076 1098 3161 LXIV}

81 3307 134 3378 τήν
151 3312 186 3367 V.
258 3305 310 3381 ἦν]
337 3326 406 3364 oorr.
427 3326 461 3364 ex
478 3297 509 3376 ἦτ
531 3307 563 3363 F.
637 3312 677 3361 13.
702 3302 753 3376 δέ]
778 3300 807 3358 δ’
830 3303 860 3361 Ρ.
934 3306 1096 3376 παραβαλό-

83 3399 169 3450 μενον
187 3380 217 3437 P.
274 3387 315 3436 15.
334 3376 366 3434 τὸ
386 3379 418 3435 δέ
439 3411 472 3420 -
493 3385 534 3433 19.
553 3378 660 3448 τρίτην]
679 3394 735 3445 mg.
755 3395 792 3431 m.
812 3382 827 3430 2
847 3375 880 3432 V.
941 3382 983 3432 16.
1002 3378 1096 3449 ποιεῖ]

83 3468 137 3505 om.
156 3451 188 3506 v.
253 3458 293 3508 ιτ.
312 3451 358 3522 τέ]
378 3447 406 3506 δ’
427 3451 458 3507 Ρ.
523 3456 565 3505 ro.
585 3449 630 3521 δέ]
650 3444 679 3503 o'
700 3447 730 3501 Ρ,
790 3454 833 3503 21.
853 3445 897 3519 δέ]
918 3444 946 3504 o’
966 3449 997 3503 P.
1053 3455 1097 3503 aa.

82 3520 133 3595 τό]
154 3538 168 3577 o
183 3539 250 3578 corr.
266 3525 299 3580 V.
351 3521 400 3595 δέ]
421 3517 449 3576 δ’
465 3521 495 3578 Ρ.
546 3528 588 3576 24.
608 3516 728 3589 πλάτος]
748 3536 866 3575 corner
880 3519 969 3581 πάτος
982 3537 1018 3572 m.
1036 3525 1050 3573 1
1066 3519 1096 3572 P.
