2474 3908
128 181 171 246 64
511 180 712 233 monum*
731 176 757 232 ι’.

127 330 207 407 ΗΕ,
231 329 296 389 ΕΖ
319 320 401 409 πρὸς
423 319 461 390 τὸ
485 317 552 390 άπὸ
576 325 634 408 τῆς
656 329 727 408 ΕΖ,
749 321 920 389 τουτέστιν
941 317 989 400 άς
1012 319 1050 388 τὸ
1071 327 1144 388 ΗΔ

126 427 209 515 πρὸς
230 426 268 496 τὸ
294 436 377 512 ΖΔ,
406 426 511 508 οὕτως
534 425 554 513 ἡ
579 434 651 495 ΗΕ
671 427 755 513 πρὸς
777 431 840 515 τὴν
864 435 939 495 ΕΖ’
972 425 1054 512 ὅπερ
1077 431 1146 496 ἔδει

128 537 242 616 δείξαι.

611 674 672 760 νβ’.

92 831 107 879 5
197 800 246 868 Τὸ
270 797 344 868 άπὸ
369 802 487 887 μέσης
510 798 612 887 παρά
637 798 760 887 ῥητὴν
784 798 1147 886 παραβαλλόμενον

126 906 270 988 πλάτος
302 920 411 976 ποιεῖ
440 905 562 996 ῥητὴν
590 906 654 972 καὶ
683 901 939 993 ἀσύμμετρον
967 909 1023 994 τῇ,
1054 904 1144 993 παρ’

126 1012 174 1102 ἣν
197 1014 445 1103 παράκειται,
469 1013 591 1100 μήκει.

184 1120 293 1189 Ἔστω
317 1123 399 1208 μέση
423 1119 485 1207 μὲν
508 1120 528 1206 ἡ
549 1129 595 1204 Α,
619 1117 700 1205 ῥητὴ
726 1117 763 1185 δὲ
786 1117 806 1204 ἡ
831 1123 907 1203 ΓΒ,
931 1119 986 1185 καὶ
1009 1122 1055 1210 τῷ
1081 1115 1148 1186 άπὸ

127 1232 186 1314 τῆς
204 1237 236 1294 Α
257 1235 333 1295 ἴσον
351 1225 440 1313 παρά
459 1224 521 1310 τὴν
541 1230 606 1292 ΒΓ
620 1223 888 1313 παραβεβλήσθω
904 1229 1029 1312 χωρίον
1044 1222 1149 1311 ὀρθο-

79 1362 110 1409 10
129 1333 255 1420 γάνιον
274 1331 311 1399 τὸ
331 1340 359 1400 Β
366 1341 399 1398 Δ
412 1331 536 1410 πλάτος
554 1335 677 1399 ποιοῦν
699 1329 762 1417 τὴν
781 1335 861 1398 ΓΔ·
885 1332 981 1416 λέγω,
997 1330 1048 1398 ὅτι
1063 1331 1148 1418 ῥητή

129 1442 219 1507 ἐστιν
243 1436 263 1524 ἡ
287 1443 352 1504 ΓΔ
375 1437 430 1503 καί
454 1436 663 1524 άσάμμετρος
686 1440 725 1526 τῇ
748 1443 810 1505 ΓΒ
834 1436 937 1523 μήκει.

193 1544 281 1612 Ἐπεί
308 1541 373 1631 γάρ
397 1544 480 1630 μέση
505 1543 594 1611 ἐστὶν
617 1540 638 1628 ἡ
663 1553 710 1629 Α,
745 1542 886 1611 δύναται
910 1548 1035 1631 χωρίον
1059 1567 1149 1629 περι-

130 1650 290 1738 εχόμενον
334 1647 400 1717 ὑπὸ
442 1652 553 1737 ῥητῶν
596 1648 738 1736 δυνάμει
784 1649 891 1736 μόνον
941 1652 1170 1739 συμμέτρων.Ι

131 1756 294 1824 δυνάσθω
317 1754 354 1824 τὸ
378 1763 455 1824 ΗΖ.
501 1755 644 1824 δύναται
670 1755 707 1824 δὲ
730 1754 846 1825 καὶτὸ
870 1764 953 1824 ΒΔ·
986 1764 1063 1824 ίσον
1082 1754 1151 1843 άρα

80 1891 110 1937 15
132 1863 199 1930 ἐστὶ
227 1861 264 1932 τὸ
292 1870 360 1930 ΒΛ
388 1867 433 1953 τςί
457 1869 533 1930 ΗΖ.
590 1868 657 1930 ἔστι
689 1863 727 1931 δὲ
755 1860 844 1956 αὐτῷ
872 1863 928 1930 καλ
952 1861 1151 1949 ίσογάνίον·

109 1974 198 2038 τῶν
231 1969 269 2038 δὲ
301 1978 385 2037 ίσων
417 1994 453 2036 τε
484 1969 540 2036 καὶ
573 1972 763 2055 ἰσογωνίων
791 1968 1151 2057 παραλληλογράμμων

131 2076 418 2144 ἀντιπεπόνθασιν
448 2077 486 2142 αί
512 2076 652 2163 πλευραὶ
676 2079 714 2144 αί
734 2077 808 2161 περὶ
831 2074 890 2156 τάς
914 2083 987 2154 λ’σας
1010 2081 1151 2161 γωνίας·

131 2181 300 2269 άνάλογον
328 2181 394 2270 άρα
423 2181 512 2250 ἐστὶν
537 2179 581 2261 ὡς
604 2181 624 2268 ἡ
650 2189 716 2250 ΒΓ
739 2181 822 2270 πρὸς
845 2180 906 2268 τὴν
930 2187 1014 2265 ΕΗ,
1042 2178 1152 2261 οὕτως

130 2287 150 2375 ἡ
176 2297 238 2356 ΕΖ
266 2287 348 2375 πρὸς
375 2287 437 2374 τὴν
467 2293 541 2355 ΓΛ.
574 2293 664 2355 ἔστιν
693 2290 758 2374 άρα
785 2289 841 2356 καλ
869 2286 912 2367 άς
939 2286 977 2355 τὸ
1002 2286 1067 2354 άπὸ
1091 2292 1152 2374 τῆς

79 2423 113 2470 20
132 2401 198 2463 ΒΓ
211 2393 294 2480 πρὸς
314 2392 352 2460 τὸ
372 2391 437 2460 άπὸ
456 2404 514 2480 τῆς
534 2401 617 2478 ΕΗ,
642 2392 748 2474 οὕτως
765 2393 802 2462 τὸ
822 2392 887 2463 άπὸ
906 2397 965 2480 τῆς
985 2401 1048 2460 ΕΖ
1067 2393 1151 2482 πρὸς

130 2500 168 2571 τὸ
197 2499 262 2569 άπὸ
290 2504 347 2587 τῆς
375 2506 450 2567 ΓΔ.
486 2498 675 2590 σύμμετρον
704 2502 743 2568 δέ
765 2504 832 2569 ἐστι
855 2499 893 2569 τὸ
916 2498 982 2567 άπὸ
1006 2504 1065 2588 τῆς
1088 2507 1151 2569 ΓΒ

130 2611 175 2698 τῷ
192 2604 257 2675 άπὸ
280 2611 338 2693 τῆς
353 2611 435 2675 ΕΗ·
460 2604 541 2696 ῥητὴ
566 2608 628 2693 γάρ
653 2611 743 2677 ἐστιν
762 2608 898 2696 ἑκατέρα
922 2605 1048 2676 αὐτῶν·
1068 2607 1152 2697 σάμ-

131 2739 253 2800 μετρον
277 2713 342 2801 άρα
366 2716 435 2784 ἐστὶ
459 2715 515 2782 καί
537 2713 575 2782 τὸ
599 2712 664 2781 άπὸ
686 2719 744 2801 τῆς
765 2722 827 2781 ΕΖ
849 2717 895 2805 τῷ
914 2712 979 2782 άπὸ
998 2717 1056 2800 τῆς
1076 2719 1155 2792 ΓΔ,

133 2820 236 2908 ῥητὸν
264 2824 304 2890 δέ
330 2824 398 2890 ἐστι
426 2821 463 2890 τὸ
493 2818 559 2888 άπὸ
586 2825 644 2907 τῆς
669 2828 744 2888 ΕΖ·
781 2819 883 2907 ῥητὸν
911 2818 978 2909 άρα
1003 2821 1072 2889 ἐστὶ
1096 2822 1152 2888 καὶ

80 2952 114 3000 25
133 2925 169 2995 τὸ
204 2926 268 2996 άπὸ
295 2933 353 3014 τῆς
382 2934 460 2995 ΓΔ·
499 2926 581 3013 ῥητὴ
611 2925 677 3013 άρα
706 2927 795 2995 ἐστὶν
823 2926 844 3013 ἡ
872 2933 947 2996 ΓΔ.
996 2928 1051 2995 καὶ
1080 2927 1152 2995 ἐπεὶ

132 3031 341 3122 ἀσύμμετρός
370 3031 508 3121 ἐστινὴ
538 3041 600 3101 ΕΖ
623 3038 662 3123 τῇ
687 3040 762 3101 ΕΗ
779 3032 889 3120 μηκει·
917 3035 1062 3162 βυνάμει
1086 3030 1152 3122 γάρ

133 3166 196 3225 μοι
201 3168 240 3207 οι
270 3141 335 3207 είσλ
364 3140 560 3229 σύμμετροι
588 3138 634 3221 ὡς
662 3140 746 3227 6ὲὴ
776 3147 838 3207 ΕΖ
866 3138 949 3228 πρὸς
976 3166 1037 3227 την
1066 3147 1152 3226 ΕΗ,

204 3324 228 3372 2.
250 3322 301 3372 ΖΔ
334 3334 403 3373 corr.
419 3318 571 3385 exAZV‚
592 3322 644 3371 ΛΖ
662 3317 744 3373 BFb.
797 3318 867 3389 ΗΕ]
886 3316 1029 3372 mrasV
1080 3311 1151 3387 ὅπερ

135 3386 193 3444 ἔδει
213 3390 306 3455 δειξαι
339 3404 430 3456 comp.
450 3388 481 3456 P,
501 3406 554 3443 om.
575 3387 673 3444 Theon
692 3388 828 3460 (BPVb).
903 3395 927 3444 6
947 3338 1152 3458 σάμμετρονΡῗ

134 3475 202 3542 porr.
222 3478 258 3514 m
277 3466 302 3514 2.
358 3457 408 3548 τῇ]
428 3474 498 3512 corr
517 3476 551 3513 ex
569 3480 596 3514 τι
614 3478 652 3513 m.
668 3477 721 3515 rec.
741 3461 768 3515 b.
824 3467 848 3516 8.
869 3461 968 3514 καί-
937 3465 1015 3514 -.9
1034 3479 1093 3529 χωρ
1076 3459 1151 3530 ρίον]

134 3531 236 3586 iuras
255 3529 284 3586 P
341 3535 365 3586 9
385 3527 578 3604 ορθογάνιον]
597 3549 634 3585 m.
653 3548 708 3586 rec.
727 3532 760 3588 V
818 3538 859 3586 13.
879 3527 1010 3602 μόνον]
1001 3547 1031 3583 m
1050 3546 1106 3586 ras.
1121 3530 1151 3585 F
