2474 3908
140 139 205 204 136
526 138 729 191 ΣΤοιΧΕικα
747 133 774 192 ι’.

478 278 594 369 Ὅροι
618 278 810 366 δεύτεροι.

184 407 225 475 α’,
252 404 486 493 Ὑποκειμένης
513 407 615 493 ῥητῆς
641 406 697 472 καὶ
727 408 786 492 τής
816 405 852 472 ἐκ
883 401 947 471 δύο
982 401 1162 490 ὀνομάτων

140 515 343 602 διῃρημένης
366 517 413 592 είς
441 510 481 581 τά
511 510 677 600 ὀνόματα,
705 501 744 598 ἧς
766 509 804 579 τὸ
830 517 943 599 μεῖζον
967 508 1078 597 ὄνομα
1102 514 1164 579 τοῦ

141 619 321 699 ἐλάσσονος
349 625 461 706 μεῖζον
492 617 634 687 δύναται
663 621 709 709 τῷ
740 615 804 686 άκὸ
837 617 1029 704 συμμέτρου
1060 616 1164 706 ἑαυτῇ

106 726 253 813 5μήκει,
282 725 343 794 ἐὰν
370 725 431 814 μὲν
460 724 498 794 τὸ
526 731 638 812 μεῖζον
666 723 775 812 ὄνομα
804 723 995 810 σύμμετρον
1017 715 1040 811 ή
1065 723 1165 810 μήκει

140 837 180 920 τή
206 833 375 921 ἐκκειμένῃ
400 833 493 920 ῥητή,
515 836 684 900 καλείσθω
705 831 739 917 [ἡ
759 829 835 916 ὅλη]
860 831 901 897 ἐκ
920 828 991 898 δύο
1016 826 1166 916 ὀνομά-

141 962 217 1005 των
240 937 381 1025 κράτη.

208 1044 248 1131 β’.
277 1042 357 1113 Ἐὰν
381 1044 418 1113 δέ
440 1042 478 1113 τὸ
501 1043 645 1113 ἐλάσσον
669 1042 778 1131 ὀνομα
805 1042 996 1130 σύμμετρον
1018 1033 1041 1130 ή
1066 1041 1167 1129 μήκει

142 1155 181 1240 τή
215 1153 384 1240 ἐκκειμένῃ
422 1153 520 1239 ῥητή,
557 1154 726 1218 καλείσθω
764 1152 804 1218 ἐκ
841 1151 913 1217 δύο
951 1147 1168 1235 ὀνομάτων

91 1282 124 1331 10
144 1259 320 1345 δευτέρα.
629 1306 632 1313 ·

209 1365 248 1450 γ’.
279 1361 357 1431 Ἐὀιυ
386 1362 424 1430 (Υέ
451 1364 633 1450 μηδέτερον
661 1389 730 1431 των
761 1359 937 1449 ὀνομάτων
971 1359 1170 1490 σύμμετρον

142 1461 163 1559 ᾖ
184 1468 281 1557 μήκει
299 1496 339 1558 τῃ
325 1470 529 1558 ἐκκειμένῃ
550 1471 644 1558 ῥητή,
667 1473 837 1537 καλείσθω
858 1470 898 1537 ἐκ
920 1464 1034 1535 ὀύο’
1017 1467 1169 1554 ονομά-

143 1601 220 1644 των
246 1579 369 1663 τρίτη.

212 1682 251 1751 (Υ
285 1683 396 1751 Πάλιν
416 1681 458 1768 ὃη
479 1681 589 1750 ἐὰν
556 1708 594 1750 το
614 1680 765 1768 μεῖζον”
745 1708 854 1769 ονομα
874 1685 949 1764 [τοῦ
965 1607 1171 1768 ἐλάσσονος]

144 1895 207 1983 μέν
230 1894 268 1962 τὸ
293 1900 404 1982 μεῖζον
428 1859 535 1983 ὄνομα
559 1885 790 1985 σύμμετρον-ᾖ
810 1894 908 1983 μήκει
930 1904 970 1983 τῃ
992 1895 1171 1986 ἐκκειμένῃ

145 2004 244 2090 ῥητή,
268 2008 436 2071 καλείσθω
461 2005 503 2070 ἐκ
527 2001 600 2071 (Υάο
625 1999 834 2089 ὀνομάτων
857 2001 1030 2088 τετάρτη.

213 2108 246 2178 ε’.
276 2107 356 2178 Ἐὰν
379 2108 417 2177 θλ
440 2107 476 2177 τὸ
502 2113 657 2196 ἔλασσον,
681 2109 841 2196 κέμιιτη.

213 2214 250 2283 e‘.
279 2215 358 2284 Ἐὰν
383 2215 420 2283 δέ
443 2217 637 2303 μηδέτερον,
662 2217 759 2301 ἕκτη.

92 2452 128 2501 εο
623 2437 686 2496 μη·

215 2532 365 2623 Εὑρεῖν
387 2532 458 2620 τήν
483 2536 522 2601 ἐκ
547 2533 619 2602 (Υύο
644 2531 851 2621 ὀνομάτων
874 2533 1041 2622 πρωτην.

211 2640 460 2709 Ἐκκείσθωσαν
488 2639 552 2709 δύο
580 2638 722 2729 άριθμοὶ
746 2644 781 2708 οί
802 2646 877 2726 ΑΓ,
898 2646 975 2726 ΓΒ,
999 2637 1085 2709 ὥστε
1107 2641 1172 2710 τὸν

147 2752 367 2835 συγκείμενον
387 2749 420 2830 ἐξ
439 2745 553 2816 αὐτῶν
571 2751 632 2816 τὸν
650 2755 717 2815 ΑΒ
736 2746 820 2836 πρὸς
838 2747 901 2834 μὲν
918 2745 978 2816 τὸν
993 2754 1054 2817 ΒΓ
1064 2747 1172 2834 λόγον

148 2858 252 2941 ἐχειν,
281 2850 323 2922 ὃν
349 2853 559 2944 τετράγωνος
587 2851 733 2943 ἀριθμὸς
756 2851 841 2941 πρὸς
863 2852 1075 2941 τετράγωνον
1098 2849 1172 2941 άρι-

98 2982 133 3033 κο
153 2960 258 3049 θμόν,
280 2961 365 3050 πρὸς
393 2963 431 3030 δὲ
452 2961 514 3031 τὸν
537 2968 602 3031 ΓΑ
621 2961 725 3047 λόγον
747 2957 792 3047 μή
817 2964 920 3047 ἔχειν,
943 2955 985 3026 ὃν
1006 2956 1173 3044 τετράγω-

150 3095 211 3148 νος
234 3065 382 3156 άριθμός
404 3068 488 3156 πρὸς
509 3067 721 3157 τετράγωνον
745 3065 904 3156 άριθμόν,
926 3064 983 3132 καὶ
1006 3066 1172 3132 ἐκκείσθω

229 3278 336 3352 1.ίροι
355 3277 497 3367 δεύτεροι]
516 3299 573 3350 mg.
594 3280 625 3348 B,
644 3299 681 3335 m.
700 3281 769 3348 2V,
788 3298 842 3336 om.
861 3279 949 3349 Ρ,μη
956 3273 1009 3334 ‘.b
1040 3293 1173 3333 numeros

48 3414 51 3419 ,
155 3367 211 3408 om.
230 3304 311 3407 codd
384 3358 410 3407 4.
434 3348 582 3415 ἐλάττονος
604 3324 685 3407 ΒῈΒ.
758 3348 831 3420 αότη
819 3350 887 3419 B,
911 3366 979 3405 corr.
994 3367 1031 3403 m.
1050 3365 1118 3416 τους
1143 3350 1174 3404 et

152 3440 240 3494 supra
259 3440 310 3479 scr.
331 3416 438 3496 qub3‘
424 3443 449 3478 ε·
469 3440 572 3479 ecorr.
593 3424 625 3478 V.
688 3428 712 3477 5.
733 3372 831 3493 μήκει]
850 3422 921 3491 (alt)
940 3437 993 3475 om.
1013 3419 1046 3487 V,
1065 3437 1102 3474 m.
1118 3419 1172 3474 ΞΒ

151 3495 259 3565 (θυεμ).
316 3501 340 3550 6.
361 3465 429 3567 ὀητή
444 3492 529 3566 μήκει
547 3494 608 3549 FV
664 3490 757 3565 ὴόλη]
778 3508 927 3562 suprascr.
942 3509 979 3545 m.
994 3491 1055 3558 2Ρ,
1075 3485 1172 3558 ὀληΒ.

80 3592 153 3648 h-
