2474 3908
151 179 216 244 268
537 179 739 232 ΣΤοιΧΕιιωι
758 175 785 232 ι’.

153 321 339 409 σύμμετρος
361 325 401 408 τῇ
426 320 595 408 ἐκκειμένῃ
620 321 703 408 ῥητή
727 320 825 406 μήκει
847 323 887 408 τῇ
906 328 946 388 Α.
981 315 1087 407 ήάριι
1109 325 1178 386 ΒΓ

153 426 304 514 άποτομή
328 429 397 495 ἐστι
419 428 567 512 τετάρτη.

220 531 370 622 Εὕρηται
393 531 459 620 άριι
482 530 502 618 ή
522 532 660 619 τετάρτη
680 530 844 619 άιτοτομή·
869 529 949 620 ὅπερ
969 535 1035 598 ἔθει
1056 533 1174 612 δεῖξαι.

624 762 698 830 πθ’.

119 911 134 959 5
222 885 370 973 Εὑρεῖν
392 864 463 974 τήν
486 889 663 974 πέμπτην
687 884 902 972 ἀποτομήν.

222 992 402 1060 Ἐκκείσθω
431 993 512 1081 ῥητή
543 990 633 1080 ήΑ,
661 994 716 1060 καὶ
739 1001 779 1079 τῇ
804 1000 836 1057 Α
860 990 956 1078 μήκει
984 992 1176 1080 σύμμετρος

155 1105 237 1167 ἔστω
258 1097 277 1186 ή
293 1105 372 1166 ΓΗ·
396 1099 479 1187 ῥητή
495 1097 560 1185 ἄρα
576 1100 695 1184 [ἐστὶν]
716 1096 736 1185 ή
752 1103 828 1166 ΓΗ.
870 1097 925 1165 καὶ
943 1099 1176 1165 ἐκκείσθωσαν

155 1206 218 1274 δύο
238 1203 379 1292 άριθμοὶ
399 1209 435 1273 οἱ
450 1212 527 1291 ΔΖ,
542 1213 615 1291 ΖΕ,
640 1203 723 1274 ὥστε
742 1208 803 1272 τὸν
823 1213 856 1272 Δ
862 1211 893 1271 Ε
909 1206 993 1288 πρὸς
1014 1203 1176 1290 ἑκάτερον

154 1323 222 1380 ’τῶν
243 1318 325 1396 ΔΖ,
349 1317 414 1377 ΖΕ
439 1310 541 1396 λόγον
564 1311 665 1379 πάλιν
689 1309 733 1396 μὴ
759 1315 861 1398 ἔχειν,
892 1306 932 1377 ὃν
960 1309 1173 1394 τετράγωνος

103 1441 136 1489 10
155 1416 301 1503 άριθμὸς
330 1414 413 1504 πρὸς
440 1416 651 1503 τετράγωνον
685 1414 847 1505 άριθμόν·
884 1415 940 1483 καὶ
973 1413 1173 1499 πεποιήσθω

156 1521 237 1601 ὡςὸ
263 1530 327 1589 ΖΕ
347 1521 429 1604 πρὸς
451 1521 511 1589 τὸν
535 1530 615 1606 ΕΛ,
639 1519 747 1601 οὕτως
769 1521 806 1589 τὸ
831 1519 896 1589 άπὸ
920 1533 978 1609 τῆς
997 1527 1069 1589 ΓΗ
1087 1519 1174 1606 πρὸς

71 1624 74 1628 ’
154 1632 192 1696 τὸ
220 1627 286 1695 άπὸ
313 1632 371 1714 τής
399 1631 482 1694 ΗΒ.ἰ
526 1630 629 1715 ῥητὸν
661 1626 728 1714 άρα
756 1629 812 1695 καὶ
839 1631 877 1697 τὸ
908 1625 973 1695 άπὸ
1001 1631 1061 1714 τῆς
1088 1635 1174 1695 ΗΒ·

156 1733 238 1820 ῥητὴ
263 1731 328 1818 άρκ
352 1734 419 1801 ἐστὶ
442 1735 499 1802 καὶ
522 1732 542 1820 ή
567 1741 643 1802 ΒΗ.
689 1735 744 1802 καὶ
773 1737 846 1802 ἐπεί
871 1735 962 1802 ἐστιν
990 1733 1035 1814 ὡς
1059 1732 1077 1802 ὁ
1104 1743 1178 1802 ΔΕ

156 1839 239 1926 πρὸς
257 1837 317 1907 τὸν
340 1846 410 1922 ΕΖ,
434 1837 540 1920 οὕτως
558 1838 595 1908 τὸ
615 1838 681 1909 άπὸ
701 1851 759 1928 τῆς
777 1849 850 1909 ΒΗ
868 1840 953 1927 πρὸς
972 1839 1009 1909 τὸ
1029 1837 1095 1909 άπὸ
1115 1845 1176 1929 τῆς

97 1969 138 2018 46
156 1950 238 2030 ΗΓ,
269 1943 286 2012 ὁ
313 1945 351 2013 δὲ
374 1953 444 2013 ΔΕ
465 1944 548 2033 πρὸς
570 1946 630 2015 τὸν
654 1955 717 2015 ΕΖ
739 1946 843 2033 λόγον
867 1946 928 2015 οὐκ
956 1953 1037 2034 ἔχει,
1067 1943 1108 2015 ὃν
1128 1974 1177 2017 τε·

157 2050 330 2138 τράγωνος
357 2050 504 2139 άριθμὸς
536 2051 620 2141 πρὸς
651 2054 862 2141 τετράγωνον
894 2053 1060 2139 άριθμόν,
1096 2053 1174 2122 οὐθ’

157 2155 222 2242 άρά
245 2155 282 2224 τὸ
306 2155 372 2225 άπὸ
395 2162 455 2244 τῆς
472 2166 546 2226 ΒΗ
564 2159 648 2246 πρὸς
665 2159 703 2228 τὸ
724 2158 788 2227 άπὸ
808 2165 867 2246 τῆς
885 2166 957 2227 ΗΓ
975 2159 1079 2245 λόγον
1098 2165 1176 2247 ἔχει,

158 2259 199 2330 ὃν
230 2262 438 2351 τετράγωνος
469 2263 617 2351 άριθμὸς
648 2264 731 2352 πρὸς
762 2265 976 2352 τετράγωνον
1008 2264 1175 2352 ἀριθμόν·

158 2365 451 2457 άσύμμετροςάρα
475 2370 565 2438 ἐστὶν
588 2367 609 2456 ἡ
629 2377 702 2437 ΒΗ
720 2373 760 2458 τῇ
781 2375 851 2436 ΗΓ
870 2368 975 2456 μήκει.
1013 2376 1072 2438 καί
1087 2376 1177 2440 εἰσιν

105 2498 139 2547 20
158 2471 344 2561 ἀμφότεραι
363 2478 472 2562 ῥηταί·
496 2479 533 2542 αἱ
550 2484 629 2560 ΒΗ,
649 2483 719 2544 ΗΓ
738 2475 804 2561 άριι
823 2478 924 2564 ῥηταί
943 2480 1008 2544 εἰσι
1032 2477 1176 2564 δυνάμει

158 2578 264 2663 μόνον
288 2579 483 2665 σύμμετροι·
512 2577 532 2666 ἡ
556 2587 623 2648 ΒΓ
642 2579 707 2668 ἄρα
731 2579 882 2667 άποτομή
906 2583 1005 2650 ἐστιν.

225 2685 321 2769 Λέγω
346 2687 400 2771 δή,
424 2686 474 2752 ὅτι
497 2687 552 2754 καὶ
576 2688 712 2774 πέμπτη.

230 2783 283 2858 Ὧι
307 2789 371 2877 γὰρ
396 2791 508 2877 μεῖζόν
531 2795 600 2860 ἐστι
623 2795 660 2860 τὸ
685 2790 750 2861 άπὸ
773 2798 833 2880 τής
856 2802 929 2862 ΒΗ
947 2799 1008 2863 τοῦ
1032 2793 1098 2865 ἀπὸ
1117 2802 1179 2885 τῆς

158 2906 238 2985 ΗΓ,
263 2903 346 2966 ἔστω
370 2895 408 2964 τὸ
432 2895 498 2966 άπὸ
526 2903 586 2985 τῆς
603 2906 641 2966 Ε.
687 2900 756 2967 ἐπεὶ
781 2892 843 2969 οὖν
867 2903 958 2969 ἐστιν
982 2898 1025 2983 ὡς
1047 2905 1086 2969 τὸ
1110 2901 1180 2971 άπὸ

104 3029 139 3078 25
158 2998 306 3092 τήςΒΗ
326 3003 409 3093 πρὸς
431 3004 469 3073 τὸ
494 3003 559 3072 άπὸ
582 3009 640 3091 τής
657 3012 737 3092 ΗΓ,
761 3004 867 3086 οὕτως
886 3004 904 3075 ὁ
924 3015 993 3074 ΔΕ
1014 3005 1098 3096 πρὸς
1116 3008 1180 3078 τὸν

232 3242 254 3290 1.
271 3237 326 3290 ΒΓ
337 3232 395 3304 άριι
408 3236 439 3290 Β.
493 3243 517 3293 2.
534 3232 649 3293 ἕστινΡ.
703 3231 1049 3308 3.ή]κιάήΕ,ήΒΓΒ.
1105 3235 1180 3311 ὅπερ

161 3305 221 3360 ἔδει
247 3307 350 3378 δεῖξαι]
380 3323 470 3376 comp.
491 3308 526 3375 P,
554 3326 607 3363 om.
627 3306 740 3363 BFVb.
815 3314 839 3364 7.
859 3305 949 3396 ἐστίν]
974 3326 1028 3364 om.
1047 3309 1077 3363 P.
1152 3316 1178 3367 8.

159 3379 225 3448 ΖΕ]
246 3381 299 3431 ΕΖ
317 3379 346 3432 F.
403 3380 475 3451 ΔΕ]
498 3383 549 3433 ΑΕ
568 3381 597 3432 in
615 3396 669 3432 ras.
689 3380 722 3432 V.
783 3385 807 3434 9.
828 3379 895 3450 τάν]
915 3398 965 3434 τον
985 3400 1016 3448 φ.
1078 3377 1184 3454 πάλιν]

161 3465 214 3504 om.
233 3447 286 3502 Fb.
362 3455 403 3504 10.
423 3452 599 3504 πεποιείσθω
618 3451 648 3504 Γ.
723 3457 764 3505 11.
784 3448 845 3518 τόν]
870 3465 923 3504 om.
943 3450 974 3504 Ρ.
1051 3457 1089 3507 12.
1110 3453 1180 3507 Post

161 3524 216 3574 ΗΒ
236 3520 302 3575 add.
322 3521 480 3590 σύμμετρον
500 3517 556 3589 άρα
577 3516 634 3574 ἐστὶ
652 3517 684 3576 τὸ
704 3517 761 3575 άπὸ
781 3522 830 3590 τῆς
845 3523 875 3573 Η
879 3523 905 3573 Γ
922 3522 995 3590 (ΓΗ
1006 3520 1042 3591 V)
1062 3523 1101 3597 τῷ
1120 3519 1179 3578 άπὸ
