2474 3908
139 183 206 248 242
527 183 728 236 ΣΤΟΙΧΕῙΩΝ
746 180 774 238 ι’.

614 322 682 391 πα’.

209 455 261 537 Τῇ
281 449 401 537 μέσης
419 446 595 536 ἀποτομῇ
616 447 781 539 δευτέρᾳ
799 454 867 535 μία
885 449 1012 534 μόνον
1035 473 1164 536 προσ-

139 555 301 643 αρμόζει
326 553 465 623 εὐθεῖα
484 553 580 641 μέση
601 555 772 641 δυνάμει
790 554 915 641 μόνον
934 554 1164 645 σύμμετρος

138 666 182 750 τῇ
207 659 293 750 ὅλη,
317 665 412 748 μετὰ
436 661 478 729 δέ
499 672 566 748 τῆς
589 661 681 748 ὅλης
703 662 827 749 μέσον
849 661 1100 748 περιέχουσα.

102 793 118 842 5
196 767 305 837 ’Έστω
334 767 435 855 μέσης
462 765 613 855 ἀποτομὴ
642 767 782 856 δευτέρα
808 765 830 854 ἡ
854 776 920 837 ΑΒ
947 769 1001 835 καὶ
1024 780 1066 858 τῇ
1091 779 1162 839 ΑΒ

138 874 416 962 προσαρμόζουσα
444 872 464 961 ἡ
493 880 567 942 ΒΓ·
609 878 646 941 αί
674 872 740 962 άρα
767 880 847 959 ΑΓ,
870 881 932 942 ΓΒ
960 875 1058 960 μέσαι
1093 877 1160 945 εἰσὶ

138 981 280 1068 δυνάμει
308 979 416 1067 μόνον
445 979 627 1066 σύμμετροι
655 980 759 1067 μέσον
786 979 1000 1068 περιέχουσαι
1027 979 1065 1049 τὸ
1091 980 1163 1052 ὑπὸ

136 1093 205 1156 τῶν
228 1094 303 1173 ΑΓ,
324 1092 396 1154 ΓΒ·
424 1085 520 1173 λέγω,
542 1085 650 1176 ὅτιτῇ
670 1095 735 1155 ΑΒ
755 1085 849 1173 έιέρα
868 1084 910 1153 οὐ
928 1089 1160 1176 προσαρμόσει

137 1193 256 1262 εὐθεῖα
283 1194 366 1281 μέση
396 1194 538 1280 δυνάμει
560 1193 668 1280 μόνον
691 1196 877 1280 σύμμετρος
900 1184 986 1261 οὖσα
1012 1199 1053 1283 τῇ
1082 1194 1160 1284 ὅλη,

85 1327 119 1376 10
137 1305 218 1388 μετὰ
243 1302 281 1369 δὲ
304 1306 361 1388 τῆς
384 1299 464 1387 ὅλης
487 1302 590 1388 μέσον
613 1303 819 1389 περιέχουσα.

205 1412 249 1474 El
265 1411 329 1494 γὰρ
350 1405 506 1491 δυνατόν,
525 1406 779 1494 προσαρμοζέτω
798 1404 819 1492 ἡ
839 1414 919 1475 ΒΔ·
942 1409 999 1476 καὶ
1018 1411 1056 1475 αι’
1069 1418 1104 1476 Α
1109 1418 1155 1495 Δ,

137 1519 204 1579 AB
233 1511 298 1600 άρα
325 1511 422 1598 μέσαι
451 1513 515 1579 εἰσὶ
544 1511 686 1599 δυνάμει
714 1512 821 1598 μόνον
845 1512 1027 1602 σύμμετροι
1049 1515 1156 1600 μέσον

136 1619 349 1706 περιέχουσαι
372 1616 409 1685 τὸ
433 1614 499 1685 ὑπὸ
518 1622 587 1685 των
609 1627 685 1704 ΑΔ,
701 1627 776 1687 ΑΒ.
813 1620 869 1687 καὶ
888 1623 1050 1689 ἐκκείσθω
1070 1621 1159 1708 ῥητὴ

136 1722 157 1812 ἡ
182 1732 253 1810 ΕΖ,
276 1725 332 1791 καὶ
355 1736 426 1803 τοῖς
448 1723 510 1810 μὲν
533 1721 598 1792 άπὸ
624 1729 693 1792 τῶν
711 1732 786 1810 ΑΓ,
805 1732 866 1793 ΓΒ
888 1734 964 1794 ἴσον
983 1725 1072 1812 παρά
1091 1727 1159 1815 τὴν

85 1857 117 1905 15
138 1838 200 1898 EZ
224 1830 494 1917 παραβεβλήσθω
522 1831 559 1900 τὸ
583 1839 657 1899 EH
679 1831 802 1912 πλάτος
829 1836 952 1900 ποιοῦν
978 1832 1043 1920 τὴν
1064 1842 1158 1903 EM·

135 1942 181 2030 τῷ
206 1938 243 2005 δέ
268 1938 319 2018 δὶς
341 1935 407 2007 ὑπὸ
432 1942 500 2007 τῶν
523 1948 555 2006 A
562 1946 600 2025 Γ,
624 1945 685 2007 ΓΒ
709 1948 786 2007 ἴσον
808 1937 1000 2028 άφηρήσθω
1023 1942 1060 2009 τὸ
1086 1949 1163 2010 ΘΗ

135 2044 258 2125 πλάτος
279 2050 402 2114 ποιοῦν
421 2045 483 2133 τὴν
501 2053 588 2114 ΘΜ·
614 2049 734 2114 λοιπὸν
758 2044 879 2133 ἄρατὸ
899 2053 966 2114 EA
989 2056 1065 2116 ἴσον
1084 2049 1157 2116 ἐστὶ

135 2157 181 2244 τῷ
206 2150 270 2222 ἀπὸ
294 2157 352 2241 τῆς
375 2162 453 2220 ΑΒ·
477 2150 561 2221 ὥστε
583 2150 604 2240 ἡ
628 2161 693 2220 ΑΒ
718 2154 859 2222 δύναται
880 2150 918 2220 τὸ
943 2159 1017 2221 EA.
1050 2153 1158 2223 πάλιν

136 2257 178 2345 δὴ
202 2273 272 2339 τοῖς
295 2257 361 2326 άπὸ
383 2263 451 2327 τῶν
474 2267 507 2326 A
513 2267 556 2344 A,
576 2266 643 2326 AB
667 2268 743 2327 ἴσον
765 2256 854 2346 παρὰ
877 2261 939 2344 τὴν
963 2267 1026 2326 EZ
1048 2283 1156 2349 παρα-

82 2388 116 2437 20
135 2364 314 2452 βεβλησθω
339 2362 376 2431 τὸ
399 2372 457 2432 ΕΙ
476 2365 600 2444 πλάτος
618 2370 740 2433 ποιοῦν
763 2364 824 2452 τὴν
843 2372 925 2433 EN·
951 2371 1020 2433 ἔστι
1040 2366 1157 2436 δὲκαὶ

134 2469 172 2537 τὸ
192 2475 258 2536 EA
282 2477 358 2536 ἴσον
381 2474 426 2561 τῷ
450 2468 515 2538 άπὸ
538 2476 596 2557 τῆς
615 2479 680 2539 ΑΒ
704 2469 913 2561 τετραχάνω·
941 2471 1062 2541 λοιπὸν
1087 2475 1155 2562 άρα

134 2573 172 2641 τὸ
197 2581 253 2642 ΘΙ
274 2582 351 2642 ἴσον
374 2574 442 2642 ἐστὶ
465 2579 510 2665 τῷ
535 2578 587 2655 δὶς
609 2575 675 2645 ὑπὸ
698 2581 766 2645 των
789 2585 870 2663 ΑΔ,
890 2586 967 2646 ΔΒ.
1003 2579 1059 2646 καὶ
1080 2582 1154 2649 ἐπεὶ

134 2681 231 2767 μέσαι
250 2680 336 2748 εἰσὶν
355 2682 394 2746 αἱ
408 2686 484 2767 ΑΓ,
498 2688 571 2767 ΓΒ,
595 2684 679 2768 μέσα
697 2681 763 2770 άρα
782 2687 851 2752 ἐστὶ
869 2685 925 2751 καὶ
944 2682 984 2751 τά
1002 2682 1067 2754 άπὸ
1082 2691 1155 2755 τῶν

133 2793 214 2874 ΑΓ,
239 2793 309 2855 ΓΒ.
354 2793 413 2855 καί
433 2790 524 2856 ἐστιν
548 2797 604 2856 λ’σα
627 2794 672 2881 τῷ
697 2798 780 2857 EH·
817 2792 920 2877 μέσον
944 2791 1010 2881 άρα
1032 2793 1089 2859 καὶ
1112 2793 1154 2862 τδ

80 2920 115 2970 25
135 2903 212 2963 EH.
239 2896 295 2963 καὶ
309 2893 397 2984 παρά
412 2898 518 2984 ῥητὴν
532 2895 593 2983 τὴν
607 2904 668 2964 EZ
683 2896 877 2985 παράκειται
889 2897 1014 2978 πλάτος
1028 2910 1153 2968 ποιοῦν

206 3117 230 3163 2.
256 3109 325 3177 μέση
348 3112 396 3165 uel
418 3111 488 3182 μέση
511 3110 652 3165 LBFVb.
739 3107 810 3181 μόνη
834 3110 868 3168 V.
957 3117 983 3167 5.
1006 3109 1077 3182 μέση
1101 3114 1151 3168 uel

135 3179 205 3250 μέση
224 3179 339 3249 LBFb,
360 3198 375 3234 e
395 3198 463 3238 corr.
482 3182 515 3239 V.
589 3180 721 3254 δευτέρα]
746 3199 799 3238 om.
819 3182 846 3237 b.
921 3183 983 3254 ΑΒ]
1004 3188 1026 3236 Β
1044 3183 1075 3238 in
1093 3201 1149 3240 rae.

133 3249 256 3304 m.1P.
329 3250 430 3323 καλιῇ
450 3254 511 3324 ΑΒ]
532 3271 586 3308 om.
606 3254 639 3309 V.
713 3261 737 3308 6.
761 3250 792 3324 ἡ]
817 3248 940 3322 (MV.
997 3251 1183 3326 αἱμοστα-

135 3337 186 3374 ser.
206 3322 363 3376 m.1ec.b.
424 3321 494 3376 εἰσίν
512 3324 599 3378 LBP.
661 3331 684 3380 7.
703 3321 746 3396 vo]
766 3322 802 3379 τά
820 3325 861 3378 L?
919 3331 944 3381 8.
964 3325 1032 3396 τῶν]
1052 3342 1106 3380 om.
1122 3327 1150 3382 b.

133 3388 949 3536 Lff⁰⁰⁰⁰¹⁰1⁵3⁶³51²ff2¹i÷b¹¹‘253EV]..V].0⁰.¹¹⁰·2¹³F·
1016 3395 1150 3522 m

169 3506 212 3590 El.
232 3507 397 3590 καλλοιπάν
416 3534 448 3590 V.
497 3507 568 3591 ⁸22.
592 3509 654 3591 ἴσον
673 3485 1149 3610 -23193E'H]1'ng.m.11³[
