2474 3908
154 169 221 234 274
541 168 743 221 mommsen
761 161 788 221 ι’.

154 309 192 380 τὸ
216 308 281 378 ἀπὸ
301 314 358 396 τῆς
380 315 450 376 ΖΗ
468 312 529 378 τοῦ
547 309 612 377 ἀπὸ
631 313 688 395 τῆς
707 315 786 395 ΗΘ,
811 313 893 377 ἔστω
912 307 949 376 τὸ
969 304 1035 375 ἀπὸ
1053 311 1113 395 τῆς
1133 313 1176 376 K.

156 417 225 485 ἐπεὶ
249 408 313 484 οὖν
337 418 426 483 ἐστιν
451 413 495 495 ὡς
514 413 532 482 ὁ
551 421 618 482 ΒΓ
636 414 721 501 πρὸς
743 415 805 483 τὸν
825 421 898 501 ΓΛ,
923 411 1029 494 οὕτως
1046 412 1085 482 τὸ
1105 411 1175 482 ἀπὸ

154 527 213 609 τῆς
232 529 305 589 ΖΗ
318 521 402 612 πρὸς
419 521 456 590 τὸ
476 519 541 589 ἀπὸ
559 525 618 608 τῆς
637 528 715 606 ΗΘ,
733 519 980 609 ἀναστρέψαντι
994 519 1060 609 ἀρα
1080 521 1176 588 ἐστὶν

156 625 201 707 ὡς
224 626 241 696 ὁ
266 634 327 696 ΓΒ
350 627 434 717 πρὸς
456 627 515 696 τὸν
534 635 613 713 ΒΛ,
638 628 745 708 οὕτως
766 627 804 696 τὸ
828 624 893 696 ἀπὸ
917 631 975 714 τῆς
998 633 1071 694 ΖΗ
1088 623 1175 715 πρὸς

119 733 193 812 ςτὸ
221 733 285 803 ἀπὸ
314 739 373 821 τῆς
400 741 441 802 K.
488 731 506 802 ὁ
534 734 572 802 δὲ
595 739 655 801 ΓΒ
683 733 766 820 πρὸς
792 733 851 802 τὸν
880 741 949 801 ΒΔ
975 732 1080 819 λόγον
1109 731 1175 801 οὐκ

155 845 231 928 ἔχει,
249 838 289 908 δν
303 839 512 928 τετράγωνος
525 838 670 927 ἀριθμὸς
684 841 766 930 πρὸς
779 840 991 928 τετράγωνον
1006 839 1174 926 ἀριθμόν·

155 943 230 1014 οὐδ’
256 945 321 1035 ἀρα
343 945 382 1014 τὸ
407 944 473 1015 ἀπὸ
496 950 554 1033 τῆς
578 954 649 1014 ΖΗ
672 951 756 1036 πρὸς
779 946 816 1016 τὸ
841 946 906 1014 ἀπὸ
929 949 988 1032 τῆς
1010 953 1044 1013 Κ
1066 944 1176 1032 λόγον

151 1056 232 1140 ἔχει,
249 1050 288 1120 ὃν
303 1051 510 1143 τετράχωνος
523 1050 671 1141 ἀριθμὸς
685 1053 767 1143 πρὸς
780 1053 992 1155 τετράγωνον
1007 1050 1176 1140 ἀριθμόν·

154 1157 362 1248 ἀσύμμετρος
381 1158 446 1245 ἀρα
466 1159 556 1227 ἐστὶν
575 1156 595 1246 ῆ
615 1167 686 1226 ΖΗ
701 1170 740 1249 τῇ
760 1166 794 1228 Κ
812 1159 916 1248 μῆκει.
953 1159 1008 1225 καὶ
1028 1158 1175 1226 δύναται

101 1262 174 1351 ιοῆ
200 1272 272 1332 ΖΗ
289 1270 348 1352 τῆς
370 1272 438 1332 ΗΘ
461 1271 572 1353 μεῖζον
595 1270 643 1356 τῷ
668 1265 734 1334 ἀπὸ
752 1270 810 1353 τῆς
828 1272 873 1333 Κ·
897 1262 918 1352 ῆ
939 1272 1009 1332 ΖΗ
1028 1263 1094 1354 ἀρα
1112 1269 1176 1351 τῆς

153 1378 221 1438 ΗΘ
243 1377 355 1458 μεῖζον
379 1373 519 1440 δύναται
542 1376 588 1463 τῷ
613 1370 679 1439 ἀπὸ
702 1370 918 1461 ἀσυμμέτρου
941 1373 1042 1460 ἑαυτῆ
1065 1369 1172 1458 μῆκει.

152 1477 207 1543 καὶ
232 1475 391 1564 οὐδετέρα
413 1483 483 1546 τῶν
507 1486 585 1565 ΖΗ,
609 1487 678 1547 ΗΘ
703 1478 891 1569 σύμμετρός
916 1481 984 1547 ἐστι
1007 1482 1046 1567 τῆ
1071 1479 1173 1546 ἐκκει-

153 1583 236 1671 μένη
256 1584 338 1673 ῥητῆ
359 1587 454 1671 μήκει
473 1589 513 1672 τῆ
533 1594 574 1652 A.
606 1583 627 1671 ῆ
648 1584 713 1675 ἀρα
733 1593 793 1654 ΖΘ
812 1582 962 1673 ἀποτομή
981 1588 1070 1653 ἐστιν
1085 1584 1175 1671 ἕκτη.

219 1687 369 1776 Εὕρηται
397 1688 463 1778 ἀρα
491 1688 511 1776 ἡ
540 1692 615 1777 ἕκτη
645 1690 797 1779 ἀποτομὴ
826 1689 846 1779 ῆ
876 1699 950 1758 ΖΘ·
993 1689 1073 1777 ὅπερ
1103 1695 1177 1758 ἔδει

101 1821 134 1870 15
155 1797 268 1875 δεῖξαι.

632 1885 697 1956 (ια’.

217 2006 306 2076 Ἐδιν
329 2015 477 2098 χωρίον
499 2010 729 2098 περιέχηται
748 2007 823 2078 ὑπὸ
847 2011 967 2098 ῥητῆς
988 2008 1054 2076 καὶ
1078 2007 1176 2077 ἀπο-

152 2119 273 2203 τομῆς
295 2115 465 2205 τριέτης,
488 2113 509 2203 ἡ
533 2114 576 2184 τὸ
600 2121 749 2202 χωρίον
769 2116 972 2202 δυναμένη
992 2111 1176 2203 ἀποτομή

154 2224 270 2290 ἐστιν.

100 2351 134 2399 20
221 2329 436 2415 Περιεχέσθω
455 2327 519 2417 γὰρ
538 2333 663 2416 χωρίον
682 2326 720 2396 τὸ
739 2336 805 2396 ΑΒ
824 2325 889 2398 ὑπὸ
910 2330 1010 2416 ῥητῆς
1027 2331 1088 2414 τῆς
1107 2334 1181 2396 ΑΓ

152 2433 208 2500 καὶ
236 2432 405 2522 ἀποτομῆς
432 2435 563 2524 πρώτης
591 2439 649 2521 τῆς
672 2443 756 2501 ΑΛ·
793 2437 893 2522 λέγω,
924 2433 975 2503 ὅτι
996 2431 1018 2520 ἡ
1041 2432 1079 2501 τὸ
1105 2442 1174 2502 ΑΒ

152 2545 277 2624 χωρίον
302 2541 472 2627 δυναμένη
496 2538 648 2627 ἀποτομή
673 2542 771 2608 ἐστιν.

217 2641 305 2712 Ἐπεὶ
328 2647 393 2735 γὰρ
417 2643 568 2732 ἀποτομῆ
593 2649 660 2714 ἐστι
683 2645 797 2734 προέτη
821 2643 841 2733 ῆ
866 2654 951 2732 ΑΔ,
975 2650 1058 2713 ἔστω
1083 2644 1174 2735 αὐτῇ

151 2750 430 2838 προσαρμόζουσα
452 2750 473 2838 ἡ
498 2757 583 2817 ΛΗ·
620 2753 658 2817 αἱ
683 2758 769 2835 ΑΗ,
796 2757 867 2818 ΗΛ
894 2751 960 2837 ἀρα
982 2754 1083 2840 ῥηταί
1104 2757 1174 2820 εἰσι

99 2881 133 2930 25
153 2855 295 2943 δυνάμει
318 2856 425 2944 μόνον
449 2856 638 2945 σύμμετροι.
676 2857 732 2924 καὶ
756 2855 816 2942 ὅλη
841 2854 861 2944 ῆ
886 2865 959 2925 ΑΗ
982 2857 1181 2945 σύμμετρός
1216 2930 1225 2945 ‚

153 2965 221 3032 ἐστι
244 2968 283 3052 τῆ
308 2964 478 3052 έκκειμένη
502 2964 585 3051 ῥητῆ
614 2967 654 3051 τῆ
680 2968 758 3048 ΑΓ,
787 2963 843 3030 καὶ
869 2960 891 3049 ἡ
914 2970 992 3030 ΑΗ
1013 2967 1070 3049 τῆς
1094 2972 1174 3033 ΗΔ

152 3076 264 3154 μειζον
292 3068 433 3136 δύναται
460 3073 507 3163 τῷ
536 3066 601 3137 ἀπὸ
627 3070 817 3156 συμμέτρου
840 3069 941 3158 ἑαυτῆ
965 3069 1072 3156 μῆκει·
1108 3071 1174 3140 ἐὰν

152 3315 188 3351 m.
210 3234 287 3385 13οῑ
274 3223 497 3352 ράδδοάιδωΡοκ
516 3234 569 3354 Β4ἀ
582 3227 796 3355 ἨΒΒΙΙῙῚΞΒ
833 3230 944 3371 ὁ.Βτῆς]]
957 3229 1125 3388 Εάοάἣφῆᾶᾶ
1146 3236 1179 3360 ξ

153 3339 1176 3509 &xedovussxstP10.vmchorr.exvom1F.⁷‘2]inras

153 3458 189 3496 m
210 3438 274 3495 1P
349 3445 391 3494 11
411 3440 569 3510 συμμέτρου
640 3457 708 3498 corr.
728 3461 764 3496 m.
784 3447 809 3494 2.
876 3447 917 3496 13.
937 3443 970 3515 τῆ
990 3438 1118 3514 Αμῆιιει
1136 3444 1175 3501 V.

191 3516 233 3566 14
253 3506 323 3581 ὅπερ
343 3508 403 3565 ἔδει
421 3511 526 3583 δειξαι]
547 3527 636 3581 comp.
656 3512 686 3583 P,
706 3531 760 3569 om.
779 3512 893 3568 BFVb.
931 3464 994 3583 Seq.
1015 3514 1177 3573 demonstr.
