2474 3908
400 163 673 216 ELEMEN'I'ORUM
690 165 799 216 LIBER
816 166 851 217 X.
1066 163 1130 228 169

117 304 363 389 mensurabiles,
377 311 409 369 A
414 309 453 369 H
462 310 494 371 et
504 311 566 372 ΕΖ
581 307 923 372 incommensurabiles
939 311 1015 372 runt
1027 310 1130 393 [prop.

114 408 220 492 ΧΙΙΙ].
258 432 356 495 quare
379 415 456 496 Aa,
476 417 552 496 ΕΛ,
576 413 638 478 hoc
656 417 706 478 ast
728 416 810 498 ΣΝ,
829 417 911 496 ΜΡ,
934 413 1130 479 incommen-

116 517 274 582 surabilis
296 521 382 603 sunt,
405 519 474 583 siue
498 521 577 601 ΟΝ,
596 523 672 602 ΝΡ,
696 520 759 585 hoc
782 525 831 586 est
854 524 943 602 MN,
962 520 1039 601 ΝΞ,
1062 521 1130 586 lon-

116 623 263 708 gitudine
285 624 630 690 incommensurabiles
655 625 777 711 [V1,1;
801 648 893 711 prop.
907 625 977 707 ΧΠ.
1000 627 1130 692 demon·

117 729 294 796 strauimus
313 735 431 815 autem,
454 734 543 814 MN,
562 735 600 796 N
602 731 633 806 Ξ
654 736 686 797 et
704 733 826 798 medias
847 755 916 798 esse
936 737 969 798 et
982 733 1130 818 potentia

117 837 432 909 commensurabiles.
476 838 585 922 itaque
609 841 703 921 MN,
727 839 797 912 ΝΞ
822 839 946 904 mediae
975 844 1051 905 sunt
1074 862 1130 924 po-

114 941 220 1006 tantia
252 946 380 1008 tantum
414 945 729 1010 commensurabiles.
784 946 849 1010 ianr
883 946 968 1029 dico,
1000 945 1129 1010 easdem

114 1048 258 1129 spatium
282 1048 443 1114 rationale
466 1050 748 1133 comprehendere.
784 1073 860 1115 nam
884 1052 1036 1135 quoniam
1056 1074 1128 1136 sup-

114 1154 295 1239 posuimus,
316 1159 349 1219 A
355 1160 387 1220 E
398 1156 527 1238 utrique
542 1162 574 1219 A
579 1160 618 1238 Β,
633 1160 696 1221 ΕΖ
711 1157 1035 1222 commensurabilem
1050 1179 1130 1241 esse,

113 1261 215 1324 etiam
247 1265 324 1343 ΕΖ,
348 1264 418 1326 ΕΚ
448 1263 757 1343 commensurabiles
791 1266 871 1327 sunt.
927 1266 960 1326 et
991 1266 1129 1347 utraque

112 1367 284 1432 rationalis
309 1369 367 1431 est.
413 1389 511 1450 quare
530 1372 611 1450 ΕΛ,
635 1369 697 1432 hoc
720 1370 770 1432 est
793 1372 870 1451 MP,
894 1368 1055 1434 rationale
1079 1374 1130 1434 est

114 1476 222 1557 [prop.
244 1472 346 1554 ΧΙΧ].
396 1496 509 1538 uerum
543 1478 820 1542 MP=MN><
838 1475 914 1548 ΝΞ.
965 1482 1015 1540 sin
1047 1476 1128 1540 duae

116 1579 243 1644 madiae
260 1579 408 1663 potentia
426 1583 555 1643 tantum
570 1581 876 1646 commensurabiles
891 1586 1129 1666 componuntur

113 1685 257 1769 spatium
273 1684 434 1751 rationale
450 1687 766 1772 comprehendentes,
778 1691 850 1753 tota
859 1687 1059 1753 irrationalis
1071 1694 1128 1773 est,

111 1794 249 1882 uocatur
263 1795 372 1857 autem
388 1813 425 1856 ex
440 1791 564 1857 duabus
579 1794 693 1858 mediis
708 1796 813 1877 prima
830 1797 933 1878 [prop.
945 1794 1127 1876 XXXVII}

182 1897 271 1983 Ergo
298 1898 369 1972 ΜΞ
390 1919 428 1962 ex
455 1898 578 1963 duabus
604 1898 718 1964 mediis
742 1901 849 1983 prima
868 1908 930 1984 est3
954 1901 1128 1983 quoderat

111 2002 408 2069 demonstrandum.

580 2144 664 2212 LVl.

181 2268 215 2335 Si
239 2271 378 2355 spatium
402 2275 492 2335 recta
515 2271 669 2336 rationali
693 2276 726 2336 et
747 2274 835 2335 recta
858 2292 896 2335 ex
920 2271 1045 2336 duobu's
1068 2294 1127 2337 no-

109 2376 255 2443 minibus
284 2377 382 2442 tertia
407 2377 702 2461 comprehenditur,
730 2382 818 2442 recta
846 2377 952 2463 spatio
982 2378 1126 2464 aequalis

112 2484 273 2569 quadrata
302 2483 501 2548 irrationalis
530 2488 581 2548 est
609 2506 647 2547 ex
675 2485 799 2548 duabus
832 2484 946 2549 mediis
977 2485 1126 2571 secunda,

90 2611 194 2676 ·quac
216 2593 360 2655 uocatur.

179 2692 326 2779 Spatium
341 2695 426 2759 enim
442 2698 579 2760 ΑΒΓΔ
593 2697 882 2781 comprehendatur
891 2698 1047 2761 rationali
1060 2703 1092 2761 A
1098 2702 1125 2761 Β

111 2805 149 2867 et
175 2804 265 2866 recta
293 2823 331 2866 ex
359 2802 483 2866 duobus
510 2804 696 2868 nominibus
724 2804 820 2869 tertia
844 2808 914 2867 ΑΛ
936 2803 971 2868 in
992 2804 1127 2868 nomina

106 2909 146 2974 in
173 2910 206 2972 Ε
232 2906 351 2991 diuisa,
386 2929 520 2991 quorum
555 2907 660 2972 maius
689 2912 739 2972 est
766 2913 842 2972 ΑΕ.
893 2907 976 2989 dicu,
1005 2912 1126 2973 rectam

111 3169 147 3208 ex
166 3154 218 3206 ΕΒ
238 3170 274 3207 m.
294 3169 349 3206 rec.
369 3152 400 3206 F.
455 3152 518 3222 ΕΖ]
539 3152 568 3206 in
586 3169 639 3206 ras.
654 3151 687 3206 V.
743 3148 910 3224 σύμμετρος]
930 3125 1028 3209 om.l¹.
1085 3159 1125 3208 12.

112 3216 173 3290 ἄρα
193 3219 255 3278 ἐστί
269 3223 300 3278 Ρ.
368 3222 429 3294 ΕΖ]
448 3225 517 3278 mut.
536 3223 565 3277 in
584 3226 636 3277 ΖΕ
654 3221 689 3292 V,
709 3227 760 3278 ΖΕ
777 3223 807 3280 P.
873 3231 914 3280 13.
933 3223 1076 3279 τουτέστιν
1095 3226 1126 3282 Ρ.

154 3299 196 3349 14.
220 3295 300 3359 ΜΝ,
320 3295 382 3353 ΝΞ
404 3286 437 3348 V.
514 3291 623 3420 pdvovxp
643 3311 696 3350 om.
715 3294 804 3350 BFV.
888 3302 929 3352 15.
953 3297 1127 3351 συντεθῶσιν

108 3364 174 3420 ΡΒ.
236 3359 399 3436 r‘1]m.2F.
461 3371 501 3420 16.
522 3361 580 3420 ἔστι
625 3365 810 3451 ‚comp-Pb.
866 3374 907 3423 17.
926 3368 1005 3491 Ml]
1025 3371 1126 3436 MHZ,

107 3434 166 3491 del.
188 3439 217 3504 Z,
236 3436 266 3490 F.
340 3431 414 3506 ἐστί]
434 3453 471 3490 m.
491 3441 506 3490 2
526 3436 555 3490 F.
629 3442 671 3491 24.
692 3433 789 3509 ρητης]
810 3455 1012 3508 suprascr..
1083 3443 1125 3493 25.

107 3507 217 3578 τρίτης]
237 3523 390 3576 suprascr.
410 3507 441 3561 F.
510 3512 551 3561 26.
573 3499 625 3579 ὧν]
648 3499 687 3562 ὧν
706 3506 738 3563 τό
757 3507 786 3562 Ρ.
849 3508 918 3566 ἔστω
937 3508 1018 3564 BFb.
