<?xml version="1.0" encoding="UTF-8"?>
<!DOCTYPE html PUBLIC "-//W3C//DTD XHTML 1.0 Transitional//EN"
    "http://www.w3.org/TR/xhtml1/DTD/xhtml1-transitional.dtd">
<html xmlns="http://www.w3.org/1999/xhtml" xml:lang="en" lang="en">
 <head>
  <title>
</title>
<meta http-equiv="Content-Type" content="text/html;charset=utf-8" />
  <meta name='ocr-system' content='tesseract 3.04.00' />
  <meta name='ocr-capabilities' content='ocr_page ocr_carea ocr_par ocr_line ocrx_word'/>
</head>
<body>
  <div class='ocr_page' id='page_1' title='image "./euclidisoperaom06unkngoog_0339.png"; bbox 0 0 2474 3914; ppageno 0'>
   <div class='ocr_carea' id='block_1_1' title="bbox 141 162 774 226">
    <p class='ocr_par' dir='ltr' id='par_1_1' title="bbox 141 162 774 226">
     <span class='ocr_line' id='line_1_1' title="bbox 141 162 774 226; baseline -0.013 0"><span class='ocrx_word' id='word_1_1' title='bbox 141 162 208 226; x_wconf 80' lang='lat'><strong><em>324</em></strong></span> <span class='ocrx_word' id='word_1_2' title='bbox 528 163 728 216; x_wconf 67' lang='lat' dir='ltr'><strong><em>zwolxssmN</em></strong></span> <span class='ocrx_word' id='word_1_3' title='bbox 747 162 774 218; x_wconf 79' lang='grc' dir='ltr'><strong><em>ι’.</em></strong></span> 
     </span>
    </p>
   </div>
   <div class='ocr_carea' id='block_1_2' title="bbox 94 300 1161 1988">
    <p class='ocr_par' dir='ltr' id='par_1_2' title="bbox 94 300 1161 1988">
     <span class='ocr_line' id='line_1_2' title="bbox 142 300 1160 393; baseline -0.001 -20"><span class='ocrx_word' id='word_1_4' title='bbox 142 311 224 390; x_wconf 84' lang='grc' dir='ltr'><strong><em>ΑΗ,</em></strong></span> <span class='ocrx_word' id='word_1_5' title='bbox 248 310 315 371; x_wconf 90' lang='grc' dir='ltr'><strong><em>ΗΒ</em></strong></span> <span class='ocrx_word' id='word_1_6' title='bbox 339 300 469 370; x_wconf 77' lang='grc' dir='ltr'><strong><em>εὐθεῖαι</em></strong></span> <span class='ocrx_word' id='word_1_7' title='bbox 493 301 637 391; x_wconf 76' lang='grc' dir='ltr'><em>δυνάμει</em></span> <span class='ocrx_word' id='word_1_8' title='bbox 660 303 746 372; x_wconf 80' lang='grc' dir='ltr'><strong><em>εἰσὶν</em></strong></span> <span class='ocrx_word' id='word_1_9' title='bbox 770 302 973 393; x_wconf 81' lang='grc' dir='ltr'><strong><em>ἀσύμμετροι</em></strong></span> <span class='ocrx_word' id='word_1_10' title='bbox 996 308 1160 373; x_wconf 80' lang='grc' dir='ltr'><strong><em>ποιοῦσαι</em></strong></span> 
     </span>
     <span class='ocr_line' id='line_1_3' title="bbox 142 407 1160 498; baseline -0.001 -18"><span class='ocrx_word' id='word_1_11' title='bbox 142 411 180 480; x_wconf 89' lang='grc' dir='ltr'><strong><em>τὸ</em></strong></span> <span class='ocrx_word' id='word_1_12' title='bbox 209 410 271 498; x_wconf 76' lang='grc' dir='ltr'><strong><em>μὲν</em></strong></span> <span class='ocrx_word' id='word_1_13' title='bbox 300 414 518 495; x_wconf 78' lang='grc' dir='ltr'><strong><em>συγκείμενον</em></strong></span> <span class='ocrx_word' id='word_1_14' title='bbox 547 411 582 477; x_wconf 78' lang='grc' dir='ltr'><strong><em>ἐκ</em></strong></span> <span class='ocrx_word' id='word_1_15' title='bbox 609 414 678 478; x_wconf 78' lang='grc' dir='ltr'><strong><em>τῶν</em></strong></span> <span class='ocrx_word' id='word_1_16' title='bbox 710 407 767 478; x_wconf 85' lang='grc' dir='ltr'><strong><em>ἄπ’</em></strong></span> <span class='ocrx_word' id='word_1_17' title='bbox 793 409 906 478; x_wconf 77' lang='grc' dir='ltr'><strong><em>αὐτῶν</em></strong></span> <span class='ocrx_word' id='word_1_18' title='bbox 937 409 1160 498; x_wconf 74' lang='grc' dir='ltr'><strong><em>τετραγώνων</em></strong></span> 
     </span>
     <span class='ocr_line' id='line_1_4' title="bbox 143 512 1159 607; baseline 0 -23"><span class='ocrx_word' id='word_1_19' title='bbox 143 518 257 604; x_wconf 83' lang='grc' dir='ltr'><strong><em>μέσον,</em></strong></span> <span class='ocrx_word' id='word_1_20' title='bbox 280 518 317 584; x_wconf 87' lang='grc' dir='ltr'><strong><em>τὸ</em></strong></span> <span class='ocrx_word' id='word_1_21' title='bbox 343 514 380 583; x_wconf 71' lang='grc' dir='ltr'><strong><em>δὲ</em></strong></span> <span class='ocrx_word' id='word_1_22' title='bbox 405 515 457 594; x_wconf 77' lang='grc' dir='ltr'><strong><em>θὶς</em></strong></span> <span class='ocrx_word' id='word_1_23' title='bbox 478 512 536 582; x_wconf 81' lang='grc' dir='ltr'><strong><em>ὑπ’</em></strong></span> <span class='ocrx_word' id='word_1_24' title='bbox 563 514 675 584; x_wconf 78' lang='grc' dir='ltr'><strong><em>αὐτῶν</em></strong></span> <span class='ocrx_word' id='word_1_25' title='bbox 699 515 811 602; x_wconf 81' lang='grc' dir='ltr'><strong><em>ῥητόν.</em></strong></span> <span class='ocrx_word' id='word_1_26' title='bbox 856 516 912 583; x_wconf 81' lang='grc' dir='ltr'><strong><em>καὶ</em></strong></span> <span class='ocrx_word' id='word_1_27' title='bbox 935 519 980 607; x_wconf 76' lang='grc' dir='ltr'><strong><em>τῷ</em></strong></span> <span class='ocrx_word' id='word_1_28' title='bbox 1004 514 1067 603; x_wconf 70' lang='grc' dir='ltr'><strong><em>μὲν</em></strong></span> <span class='ocrx_word' id='word_1_29' title='bbox 1090 514 1159 584; x_wconf 87' lang='grc' dir='ltr'><strong><em>άπὸ</em></strong></span> 
     </span>
     <span class='ocr_line' id='line_1_5' title="bbox 143 619 1161 709; baseline -0.001 -19"><span class='ocrx_word' id='word_1_30' title='bbox 143 627 201 709; x_wconf 82' lang='grc' dir='ltr'><strong><em>τῆς</em></strong></span> <span class='ocrx_word' id='word_1_31' title='bbox 224 629 299 689; x_wconf 89' lang='lat' dir='ltr'><strong><em>AH</em></strong></span> <span class='ocrx_word' id='word_1_32' title='bbox 322 629 398 689; x_wconf 84' lang='grc' dir='ltr'><strong><em>λ’σον</em></strong></span> <span class='ocrx_word' id='word_1_33' title='bbox 426 619 515 706; x_wconf 79' lang='grc' dir='ltr'><strong><em>παρά</em></strong></span> <span class='ocrx_word' id='word_1_34' title='bbox 542 620 605 707; x_wconf 83' lang='grc' dir='ltr'><strong><em>τὴν</em></strong></span> <span class='ocrx_word' id='word_1_35' title='bbox 633 627 699 689; x_wconf 90' lang='lat' dir='ltr'><strong><em>TA</em></strong></span> <span class='ocrx_word' id='word_1_36' title='bbox 725 621 993 708; x_wconf 76' lang='grc' dir='ltr'><strong><em>παραβεβλήσθω</em></strong></span> <span class='ocrx_word' id='word_1_37' title='bbox 1021 619 1059 690; x_wconf 88' lang='grc' dir='ltr'><strong><em>τὸ</em></strong></span> <span class='ocrx_word' id='word_1_38' title='bbox 1088 628 1161 708; x_wconf 83' lang='grc' dir='ltr'><strong><em>ΓΘ,</em></strong></span> 
     </span>
     <span class='ocr_line' id='line_1_6' title="bbox 109 725 1161 820; baseline -0.005 -20"><span class='ocrx_word' id='word_1_39' title='bbox 109 732 188 820; x_wconf 75' lang='grc' dir='ltr'><strong><em>οτῷ</em></strong></span> <span class='ocrx_word' id='word_1_40' title='bbox 217 727 254 795; x_wconf 76' lang='grc' dir='ltr'><strong><em>δὲ</em></strong></span> <span class='ocrx_word' id='word_1_41' title='bbox 282 725 348 795; x_wconf 88' lang='grc' dir='ltr'><strong><em>άπὸ</em></strong></span> <span class='ocrx_word' id='word_1_42' title='bbox 376 731 435 812; x_wconf 80' lang='grc' dir='ltr'><strong><em>τῆς</em></strong></span> <span class='ocrx_word' id='word_1_43' title='bbox 457 733 526 794; x_wconf 89' lang='grc' dir='ltr'><strong><em>ΗΒ</em></strong></span> <span class='ocrx_word' id='word_1_44' title='bbox 554 736 630 795; x_wconf 76' lang='grc' dir='ltr'><strong><em>ἴσον</em></strong></span> <span class='ocrx_word' id='word_1_45' title='bbox 653 726 691 795; x_wconf 88' lang='grc' dir='ltr'><strong><em>τὸ</em></strong></span> <span class='ocrx_word' id='word_1_46' title='bbox 714 734 796 795; x_wconf 90' lang='grc' dir='ltr'><strong><em>ΚΛ·</em></strong></span> <span class='ocrx_word' id='word_1_47' title='bbox 838 725 919 796; x_wconf 83' lang='grc' dir='ltr'><strong><em>ὅλον</em></strong></span> <span class='ocrx_word' id='word_1_48' title='bbox 943 728 1008 816; x_wconf 81' lang='grc' dir='ltr'><strong><em>ἄρα</em></strong></span> <span class='ocrx_word' id='word_1_49' title='bbox 1031 725 1069 795; x_wconf 89' lang='grc' dir='ltr'><strong><em>τὸ</em></strong></span> <span class='ocrx_word' id='word_1_50' title='bbox 1092 735 1161 795; x_wconf 92' lang='lat' dir='ltr'><strong><em>TA</em></strong></span> 
     </span>
     <span class='ocr_line' id='line_1_7' title="bbox 144 830 1159 921; baseline 0 -18"><span class='ocrx_word' id='word_1_51' title='bbox 144 844 220 904; x_wconf 76' lang='grc' dir='ltr'><strong><em>ἴσον</em></strong></span> <span class='ocrx_word' id='word_1_52' title='bbox 244 834 312 901; x_wconf 81' lang='grc' dir='ltr'><strong><em>ἐστὶ</em></strong></span> <span class='ocrx_word' id='word_1_53' title='bbox 334 847 405 913; x_wconf 78' lang='grc' dir='ltr'><strong><em>τοῖς</em></strong></span> <span class='ocrx_word' id='word_1_54' title='bbox 426 830 491 901; x_wconf 90' lang='grc' dir='ltr'><strong><em>άπὸ</em></strong></span> <span class='ocrx_word' id='word_1_55' title='bbox 515 837 584 902; x_wconf 78' lang='grc' dir='ltr'><strong><em>τῶν</em></strong></span> <span class='ocrx_word' id='word_1_56' title='bbox 603 840 683 919; x_wconf 87' lang='lat' dir='ltr'><strong><em>AH,</em></strong></span> <span class='ocrx_word' id='word_1_57' title='bbox 701 840 780 905; x_wconf 87' lang='grc' dir='ltr'><strong><em>ΗΒ.</em></strong></span> <span class='ocrx_word' id='word_1_58' title='bbox 815 831 853 901; x_wconf 89' lang='grc' dir='ltr'><strong><em>τὸ</em></strong></span> <span class='ocrx_word' id='word_1_59' title='bbox 877 833 915 902; x_wconf 73' lang='grc' dir='ltr'><strong><em>δὲ</em></strong></span> <span class='ocrx_word' id='word_1_60' title='bbox 938 838 1159 921; x_wconf 81' lang='grc' dir='ltr'><strong><em>συγκείμενον</em></strong></span> 
     </span>
     <span class='ocr_line' id='line_1_8' title="bbox 143 936 1159 1028; baseline 0 -19"><span class='ocrx_word' id='word_1_61' title='bbox 143 943 179 1009; x_wconf 77' lang='grc' dir='ltr'><strong><em>ἐκ</em></strong></span> <span class='ocrx_word' id='word_1_62' title='bbox 206 945 275 1009; x_wconf 78' lang='grc' dir='ltr'><strong><em>τῶν</em></strong></span> <span class='ocrx_word' id='word_1_63' title='bbox 303 936 368 1008; x_wconf 84' lang='grc' dir='ltr'><strong><em>άπὸ</em></strong></span> <span class='ocrx_word' id='word_1_64' title='bbox 396 943 464 1007; x_wconf 78' lang='grc' dir='ltr'><strong><em>τῶν</em></strong></span> <span class='ocrx_word' id='word_1_65' title='bbox 487 946 573 1025; x_wconf 88' lang='lat' dir='ltr'><strong><em>AH,</em></strong></span> <span class='ocrx_word' id='word_1_66' title='bbox 594 946 662 1006; x_wconf 88' lang='grc' dir='ltr'><strong><em>ΗΒ</em></strong></span> <span class='ocrx_word' id='word_1_67' title='bbox 691 937 758 1026; x_wconf 83' lang='grc' dir='ltr'><strong><em>ἅμα</em></strong></span> <span class='ocrx_word' id='word_1_68' title='bbox 782 940 885 1026; x_wconf 80' lang='grc' dir='ltr'><strong><em>μέσον</em></strong></span> <span class='ocrx_word' id='word_1_69' title='bbox 910 942 1012 1008; x_wconf 83' lang='grc' dir='ltr'><strong><em>ἐστίν·</em></strong></span> <span class='ocrx_word' id='word_1_70' title='bbox 1054 941 1159 1028; x_wconf 80' lang='grc' dir='ltr'><strong><em>μέσον</em></strong></span> 
     </span>
     <span class='ocr_line' id='line_1_9' title="bbox 145 1042 1159 1134; baseline 0 -20"><span class='ocrx_word' id='word_1_71' title='bbox 145 1046 211 1132; x_wconf 83' lang='grc' dir='ltr'><strong><em>άρα</em></strong></span> <span class='ocrx_word' id='word_1_72' title='bbox 235 1046 303 1114; x_wconf 78' lang='grc' dir='ltr'><strong><em>ἐστὶ</em></strong></span> <span class='ocrx_word' id='word_1_73' title='bbox 326 1042 364 1113; x_wconf 85' lang='grc' dir='ltr'><strong><em>τὸ</em></strong></span> <span class='ocrx_word' id='word_1_74' title='bbox 383 1051 451 1113; x_wconf 92' lang='grc' dir='ltr'><strong><em>ΓΛ.</em></strong></span> <span class='ocrx_word' id='word_1_75' title='bbox 479 1045 536 1113; x_wconf 80' lang='grc' dir='ltr'><strong><em>καὶ</em></strong></span> <span class='ocrx_word' id='word_1_76' title='bbox 558 1043 647 1132; x_wconf 80' lang='grc' dir='ltr'><strong><em>παρὰ</em></strong></span> <span class='ocrx_word' id='word_1_77' title='bbox 671 1044 775 1132; x_wconf 79' lang='grc' dir='ltr'><strong><em>ῥητὴν</em></strong></span> <span class='ocrx_word' id='word_1_78' title='bbox 797 1045 860 1132; x_wconf 78' lang='grc' dir='ltr'><strong><em>τὴν</em></strong></span> <span class='ocrx_word' id='word_1_79' title='bbox 878 1052 941 1113; x_wconf 91' lang='grc' dir='ltr'><strong><em>ΓΔ</em></strong></span> <span class='ocrx_word' id='word_1_80' title='bbox 963 1047 1159 1134; x_wconf 79' lang='grc' dir='ltr'><strong><em>παράκειται</em></strong></span> 
     </span>
     <span class='ocr_line' id='line_1_10' title="bbox 143 1149 1159 1239; baseline -0.001 -19"><span class='ocrx_word' id='word_1_81' title='bbox 143 1151 267 1232; x_wconf 78' lang='grc' dir='ltr'><strong><em>πλάτος</em></strong></span> <span class='ocrx_word' id='word_1_82' title='bbox 294 1156 417 1220; x_wconf 83' lang='grc' dir='ltr'><strong><em>ποιοῦν</em></strong></span> <span class='ocrx_word' id='word_1_83' title='bbox 445 1149 508 1237; x_wconf 80' lang='grc' dir='ltr'><strong><em>τὴν</em></strong></span> <span class='ocrx_word' id='word_1_84' title='bbox 531 1157 616 1220; x_wconf 90' lang='grc' dir='ltr'><strong><em>ΓΜ·</em></strong></span> <span class='ocrx_word' id='word_1_85' title='bbox 654 1150 736 1239; x_wconf 77' lang='grc' dir='ltr'><strong><em>ῥητὴ</em></strong></span> <span class='ocrx_word' id='word_1_86' title='bbox 761 1149 827 1239; x_wconf 79' lang='grc' dir='ltr'><strong><em>άρα</em></strong></span> <span class='ocrx_word' id='word_1_87' title='bbox 850 1153 940 1220; x_wconf 79' lang='grc' dir='ltr'><strong><em>ἐστὶν</em></strong></span> <span class='ocrx_word' id='word_1_88' title='bbox 962 1149 983 1237; x_wconf 81' lang='grc' dir='ltr'><em>ἡ</em></span> <span class='ocrx_word' id='word_1_89' title='bbox 1008 1158 1086 1221; x_wconf 92' lang='grc' dir='ltr'><strong><em>ΓΜ</em></strong></span> <span class='ocrx_word' id='word_1_90' title='bbox 1102 1153 1159 1220; x_wconf 83' lang='grc' dir='ltr'><strong><em>καὶ</em></strong></span> 
     </span>
     <span class='ocr_line' id='line_1_11' title="bbox 94 1255 1159 1346; baseline -0.003 -16"><span class='ocrx_word' id='word_1_91' title='bbox 94 1283 126 1331; x_wconf 83' lang='grc'><strong><em>10</em></strong></span> <span class='ocrx_word' id='word_1_92' title='bbox 145 1257 355 1346; x_wconf 77' lang='grc' dir='ltr'><strong><em>ἀσύμμετρος</em></strong></span> <span class='ocrx_word' id='word_1_93' title='bbox 378 1261 417 1346; x_wconf 77' lang='grc' dir='ltr'><strong><em>τῇ</em></strong></span> <span class='ocrx_word' id='word_1_94' title='bbox 441 1263 516 1326; x_wconf 90' lang='lat' dir='ltr'><strong><em>TA.</em></strong></span> <span class='ocrx_word' id='word_1_95' title='bbox 561 1258 617 1326; x_wconf 83' lang='grc' dir='ltr'><strong><em>καὶ</em></strong></span> <span class='ocrx_word' id='word_1_96' title='bbox 640 1258 709 1326; x_wconf 79' lang='grc' dir='ltr'><strong><em>ἐπεὶ</em></strong></span> <span class='ocrx_word' id='word_1_97' title='bbox 733 1256 815 1326; x_wconf 84' lang='grc' dir='ltr'><strong><em>ὅλον</em></strong></span> <span class='ocrx_word' id='word_1_98' title='bbox 837 1255 875 1326; x_wconf 82' lang='grc' dir='ltr'><strong><em>τὸ</em></strong></span> <span class='ocrx_word' id='word_1_99' title='bbox 898 1263 962 1326; x_wconf 92' lang='grc' dir='ltr'><strong><em>ΓΛ</em></strong></span> <span class='ocrx_word' id='word_1_100' title='bbox 989 1264 1066 1326; x_wconf 80' lang='grc' dir='ltr'><strong><em>λσον</em></strong></span> <span class='ocrx_word' id='word_1_101' title='bbox 1090 1260 1159 1327; x_wconf 82' lang='grc' dir='ltr'><strong><em>ἐστὶ</em></strong></span> 
     </span>
     <span class='ocr_line' id='line_1_12' title="bbox 143 1355 1158 1457; baseline -0.001 -23"><span class='ocrx_word' id='word_1_102' title='bbox 143 1379 213 1446; x_wconf 74' lang='grc' dir='ltr'><strong><em>τοῖς</em></strong></span> <span class='ocrx_word' id='word_1_103' title='bbox 237 1363 303 1432; x_wconf 82' lang='grc' dir='ltr'><strong><em>άπό</em></strong></span> <span class='ocrx_word' id='word_1_104' title='bbox 326 1368 394 1432; x_wconf 78' lang='grc' dir='ltr'><strong><em>των</em></strong></span> <span class='ocrx_word' id='word_1_105' title='bbox 414 1371 497 1449; x_wconf 82' lang='grc' dir='ltr'><strong><em>ΑΗ,</em></strong></span> <span class='ocrx_word' id='word_1_106' title='bbox 516 1370 596 1449; x_wconf 85' lang='grc' dir='ltr'><strong><em>ΗΒ,</em></strong></span> <span class='ocrx_word' id='word_1_107' title='bbox 621 1355 669 1432; x_wconf 70' lang='grc' dir='ltr'><strong><em>οἷν</em></strong></span> <span class='ocrx_word' id='word_1_108' title='bbox 692 1363 729 1432; x_wconf 87' lang='grc' dir='ltr'><strong><em>τὸ</em></strong></span> <span class='ocrx_word' id='word_1_109' title='bbox 750 1370 815 1432; x_wconf 85' lang='grc' dir='ltr'><strong><em>ΓΕ</em></strong></span> <span class='ocrx_word' id='word_1_110' title='bbox 836 1373 911 1432; x_wconf 70' lang='grc' dir='ltr'><strong><em>ἴσον</em></strong></span> <span class='ocrx_word' id='word_1_111' title='bbox 936 1364 1003 1432; x_wconf 80' lang='grc' dir='ltr'><strong><em>ἐστὶ</em></strong></span> <span class='ocrx_word' id='word_1_112' title='bbox 1026 1368 1074 1457; x_wconf 75' lang='grc' dir='ltr'><strong><em>τῷ</em></strong></span> <span class='ocrx_word' id='word_1_113' title='bbox 1093 1361 1158 1433; x_wconf 88' lang='grc' dir='ltr'><strong><em>άπὸ</em></strong></span> 
     </span>
     <span class='ocr_line' id='line_1_13' title="bbox 143 1468 1157 1562; baseline -0.001 -23"><span class='ocrx_word' id='word_1_114' title='bbox 143 1476 201 1558; x_wconf 77' lang='grc' dir='ltr'><strong><em>τῆς</em></strong></span> <span class='ocrx_word' id='word_1_115' title='bbox 230 1478 310 1556; x_wconf 80' lang='grc' dir='ltr'><strong><em>ΑΒ,</em></strong></span> <span class='ocrx_word' id='word_1_116' title='bbox 343 1470 464 1538; x_wconf 85' lang='grc' dir='ltr'><strong><em>λοιπὸν</em></strong></span> <span class='ocrx_word' id='word_1_117' title='bbox 491 1469 558 1554; x_wconf 83' lang='grc' dir='ltr'><strong><em>άρα</em></strong></span> <span class='ocrx_word' id='word_1_118' title='bbox 584 1468 623 1537; x_wconf 90' lang='grc' dir='ltr'><strong><em>τὸ</em></strong></span> <span class='ocrx_word' id='word_1_119' title='bbox 646 1476 712 1536; x_wconf 93' lang='lat' dir='ltr'><strong><em>ZA</em></strong></span> <span class='ocrx_word' id='word_1_120' title='bbox 728 1472 815 1539; x_wconf 77' lang='grc' dir='ltr'><strong><em>’ἴσον</em></strong></span> <span class='ocrx_word' id='word_1_121' title='bbox 845 1470 912 1539; x_wconf 78' lang='grc' dir='ltr'><strong><em>ἐστὶ</em></strong></span> <span class='ocrx_word' id='word_1_122' title='bbox 940 1475 986 1562; x_wconf 77' lang='grc' dir='ltr'><strong><em>τῷ</em></strong></span> <span class='ocrx_word' id='word_1_123' title='bbox 1016 1471 1069 1550; x_wconf 79' lang='grc' dir='ltr'><strong><em>δὶς</em></strong></span> <span class='ocrx_word' id='word_1_124' title='bbox 1091 1468 1157 1538; x_wconf 81' lang='grc' dir='ltr'><strong><em>ὑπὸ</em></strong></span> 
     </span>
     <span class='ocr_line' id='line_1_14' title="bbox 144 1568 1160 1664; baseline -0.001 -19"><span class='ocrx_word' id='word_1_125' title='bbox 144 1582 212 1645; x_wconf 82' lang='grc' dir='ltr'><strong><em>τάν</em></strong></span> <span class='ocrx_word' id='word_1_126' title='bbox 235 1583 317 1663; x_wconf 85' lang='grc' dir='ltr'><strong><em>ΑΗ,</em></strong></span> <span class='ocrx_word' id='word_1_127' title='bbox 333 1582 410 1642; x_wconf 89' lang='grc' dir='ltr'><strong><em>ΗΒ.</em></strong></span> <span class='ocrx_word' id='word_1_128' title='bbox 446 1575 622 1662; x_wconf 80' lang='grc' dir='ltr'><strong><em>τετμήσθω</em></strong></span> <span class='ocrx_word' id='word_1_129' title='bbox 646 1568 710 1644; x_wconf 82' lang='grc' dir='ltr'><strong><em>οὖν</em></strong></span> <span class='ocrx_word' id='word_1_130' title='bbox 729 1574 749 1662; x_wconf 78' lang='grc' dir='ltr'><em>ἡ</em></span> <span class='ocrx_word' id='word_1_131' title='bbox 768 1584 845 1645; x_wconf 89' lang='grc' dir='ltr'><strong><em>ΖΜ</em></strong></span> <span class='ocrx_word' id='word_1_132' title='bbox 863 1581 939 1664; x_wconf 81' lang='grc' dir='ltr'><strong><em>δίχα</em></strong></span> <span class='ocrx_word' id='word_1_133' title='bbox 954 1574 1037 1644; x_wconf 82' lang='grc' dir='ltr'><strong><em>κατὰ</em></strong></span> <span class='ocrx_word' id='word_1_134' title='bbox 1055 1575 1095 1645; x_wconf 86' lang='grc' dir='ltr'><strong><em>τὸ</em></strong></span> <span class='ocrx_word' id='word_1_135' title='bbox 1113 1583 1160 1662; x_wconf 89' lang='grc' dir='ltr'><strong><em>Ν,</em></strong></span> 
     </span>
     <span class='ocr_line' id='line_1_15' title="bbox 144 1680 1160 1773; baseline 0.001 -23"><span class='ocrx_word' id='word_1_136' title='bbox 144 1685 199 1751; x_wconf 81' lang='grc' dir='ltr'><strong><em>καὶ</em></strong></span> <span class='ocrx_word' id='word_1_137' title='bbox 224 1681 320 1770; x_wconf 78' lang='grc' dir='ltr'><strong><em>ἤχθω</em></strong></span> <span class='ocrx_word' id='word_1_138' title='bbox 345 1680 401 1749; x_wconf 76' lang='grc' dir='ltr'><strong><em>διὰ</em></strong></span> <span class='ocrx_word' id='word_1_139' title='bbox 424 1692 484 1750; x_wconf 84' lang='grc' dir='ltr'><strong><em>τοῦ</em></strong></span> <span class='ocrx_word' id='word_1_140' title='bbox 506 1688 545 1749; x_wconf 92' lang='grc' dir='ltr'><em>Ν</em></span> <span class='ocrx_word' id='word_1_141' title='bbox 565 1681 710 1772; x_wconf 79' lang='grc' dir='ltr'><strong><em>ὁποτέρα</em></strong></span> <span class='ocrx_word' id='word_1_142' title='bbox 737 1687 806 1751; x_wconf 80' lang='grc' dir='ltr'><strong><em>τῶν</em></strong></span> <span class='ocrx_word' id='word_1_143' title='bbox 830 1689 911 1768; x_wconf 85' lang='grc' dir='ltr'><strong><em>ΓΔ,</em></strong></span> <span class='ocrx_word' id='word_1_144' title='bbox 935 1690 1013 1751; x_wconf 90' lang='grc' dir='ltr'><strong><em>ΜΛ</em></strong></span> <span class='ocrx_word' id='word_1_145' title='bbox 1033 1684 1160 1773; x_wconf 81' lang='grc' dir='ltr'><strong><em>παράλ-</em></strong></span> 
     </span>
     <span class='ocr_line' id='line_1_16' title="bbox 94 1787 1161 1878; baseline -0.003 -18"><span class='ocrx_word' id='word_1_146' title='bbox 94 1812 127 1860; x_wconf 84' lang='lat'><strong><em>15</em></strong></span> <span class='ocrx_word' id='word_1_147' title='bbox 146 1797 246 1876; x_wconf 78' lang='grc' dir='ltr'><strong><em>ληλος</em></strong></span> <span class='ocrx_word' id='word_1_148' title='bbox 268 1787 289 1876; x_wconf 80' lang='grc' dir='ltr'><em>ἡ</em></span> <span class='ocrx_word' id='word_1_149' title='bbox 314 1792 393 1865; x_wconf 77' lang='grc' dir='ltr'><strong><em>ΝΞ·</em></strong></span> <span class='ocrx_word' id='word_1_150' title='bbox 432 1788 588 1878; x_wconf 80' lang='grc' dir='ltr'><strong><em>ἑκάτερον</em></strong></span> <span class='ocrx_word' id='word_1_151' title='bbox 612 1787 677 1876; x_wconf 79' lang='grc' dir='ltr'><strong><em>άρα</em></strong></span> <span class='ocrx_word' id='word_1_152' title='bbox 700 1793 767 1857; x_wconf 77' lang='grc' dir='ltr'><strong><em>τῶν</em></strong></span> <span class='ocrx_word' id='word_1_153' title='bbox 790 1793 864 1876; x_wconf 76' lang='grc' dir='ltr'><strong><em>ΖΞ,</em></strong></span> <span class='ocrx_word' id='word_1_154' title='bbox 887 1797 958 1858; x_wconf 92' lang='lat' dir='ltr'><strong><em>NA</em></strong></span> <span class='ocrx_word' id='word_1_155' title='bbox 987 1800 1062 1859; x_wconf 78' lang='grc' dir='ltr'><strong><em>ἴσον</em></strong></span> <span class='ocrx_word' id='word_1_156' title='bbox 1091 1791 1161 1858; x_wconf 79' lang='grc' dir='ltr'><strong><em>ἐστὶ</em></strong></span> 
     </span>
     <span class='ocr_line' id='line_1_17' title="bbox 145 1893 1160 1988; baseline -0.002 -24"><span class='ocrx_word' id='word_1_157' title='bbox 145 1901 191 1988; x_wconf 78' lang='grc' dir='ltr'><strong><em>τῷ</em></strong></span> <span class='ocrx_word' id='word_1_158' title='bbox 215 1893 281 1964; x_wconf 83' lang='grc' dir='ltr'><strong><em>ὑπὸ</em></strong></span> <span class='ocrx_word' id='word_1_159' title='bbox 305 1899 372 1963; x_wconf 79' lang='grc' dir='ltr'><strong><em>τῶν</em></strong></span> <span class='ocrx_word' id='word_1_160' title='bbox 396 1903 477 1981; x_wconf 82' lang='grc' dir='ltr'><strong><em>ΑΗ,</em></strong></span> <span class='ocrx_word' id='word_1_161' title='bbox 492 1902 570 1965; x_wconf 90' lang='grc' dir='ltr'><strong><em>ΗΒ.</em></strong></span> <span class='ocrx_word' id='word_1_162' title='bbox 605 1897 660 1963; x_wconf 79' lang='grc' dir='ltr'><strong><em>καὶ</em></strong></span> <span class='ocrx_word' id='word_1_163' title='bbox 681 1895 750 1963; x_wconf 79' lang='grc' dir='ltr'><strong><em>ἐπεὶ</em></strong></span> <span class='ocrx_word' id='word_1_164' title='bbox 773 1893 810 1964; x_wconf 88' lang='grc' dir='ltr'><strong><em>τὸ</em></strong></span> <span class='ocrx_word' id='word_1_165' title='bbox 835 1897 887 1974; x_wconf 77' lang='grc' dir='ltr'><strong><em>δὶς</em></strong></span> <span class='ocrx_word' id='word_1_166' title='bbox 904 1896 970 1965; x_wconf 85' lang='grc' dir='ltr'><strong><em>ὑπὸ</em></strong></span> <span class='ocrx_word' id='word_1_167' title='bbox 990 1900 1058 1964; x_wconf 80' lang='grc' dir='ltr'><strong><em>τῶν</em></strong></span> <span class='ocrx_word' id='word_1_168' title='bbox 1077 1903 1160 1981; x_wconf 87' lang='grc' dir='ltr'><strong><em>ΑΗ,</em></strong></span> 
     </span>
    </p>
   </div>
   <div class='ocr_carea' id='block_1_3' title="bbox 148 1999 1161 2092">
    <p class='ocr_par' dir='ltr' id='par_1_3' title="bbox 148 1999 1161 2092">
     <span class='ocr_line' id='line_1_18' title="bbox 148 1999 1161 2092; baseline 0 -23"><span class='ocrx_word' id='word_1_169' title='bbox 148 2009 215 2069; x_wconf 88' lang='grc' dir='ltr'><strong><em>ΗΒ</em></strong></span> <span class='ocrx_word' id='word_1_170' title='bbox 240 2001 343 2088; x_wconf 80' lang='grc' dir='ltr'><strong><em>ῥητόν</em></strong></span> <span class='ocrx_word' id='word_1_171' title='bbox 367 2003 436 2070; x_wconf 82' lang='grc' dir='ltr'><strong><em>ἐστι</em></strong></span> <span class='ocrx_word' id='word_1_172' title='bbox 458 2006 518 2068; x_wconf 86' lang='grc' dir='ltr'><strong><em>καί</em></strong></span> <span class='ocrx_word' id='word_1_173' title='bbox 538 2004 664 2085; x_wconf 83' lang='grc' dir='ltr'><strong><em>[ἐστιν]</em></strong></span> <span class='ocrx_word' id='word_1_174' title='bbox 690 2010 765 2068; x_wconf 70' lang='grc' dir='ltr'><strong><em>ἴσον</em></strong></span> <span class='ocrx_word' id='word_1_175' title='bbox 788 2004 833 2092; x_wconf 77' lang='grc' dir='ltr'><strong><em>τῷ</em></strong></span> <span class='ocrx_word' id='word_1_176' title='bbox 858 2009 937 2086; x_wconf 81' lang='grc' dir='ltr'><strong><em>ΖΛ,</em></strong></span> <span class='ocrx_word' id='word_1_177' title='bbox 967 2003 1070 2088; x_wconf 81' lang='grc' dir='ltr'><strong><em>ῥητὸν</em></strong></span> <span class='ocrx_word' id='word_1_178' title='bbox 1094 1999 1161 2089; x_wconf 79' lang='grc' dir='ltr'><strong><em>ἄρα</em></strong></span> 
     </span>
    </p>
   </div>
   <div class='ocr_carea' id='block_1_4' title="bbox 94 2105 1170 3042">
    <p class='ocr_par' dir='ltr' id='par_1_4' title="bbox 146 2105 1163 2301">
     <span class='ocr_line' id='line_1_19' title="bbox 146 2105 1163 2195; baseline -0.003 -18"><span class='ocrx_word' id='word_1_179' title='bbox 146 2109 215 2177; x_wconf 76' lang='grc' dir='ltr'><strong><em>ἐστὶ</em></strong></span> <span class='ocrx_word' id='word_1_180' title='bbox 247 2110 285 2175; x_wconf 89' lang='grc' dir='ltr'><strong><em>τὸ</em></strong></span> <span class='ocrx_word' id='word_1_181' title='bbox 319 2114 391 2174; x_wconf 87' lang='grc' dir='ltr'><strong><em>ΖΛ.</em></strong></span> <span class='ocrx_word' id='word_1_182' title='bbox 437 2107 492 2174; x_wconf 82' lang='grc' dir='ltr'><strong><em>καὶ</em></strong></span> <span class='ocrx_word' id='word_1_183' title='bbox 524 2111 614 2194; x_wconf 82' lang='grc' dir='ltr'><strong><em>παρὰ</em></strong></span> <span class='ocrx_word' id='word_1_184' title='bbox 643 2106 747 2194; x_wconf 77' lang='grc' dir='ltr'><strong><em>ῥητὴν</em></strong></span> <span class='ocrx_word' id='word_1_185' title='bbox 779 2105 841 2194; x_wconf 81' lang='grc' dir='ltr'><strong><em>τὴν</em></strong></span> <span class='ocrx_word' id='word_1_186' title='bbox 872 2113 936 2174; x_wconf 88' lang='grc' dir='ltr'><strong><em>ΕΖ</em></strong></span> <span class='ocrx_word' id='word_1_187' title='bbox 965 2106 1163 2195; x_wconf 80' lang='grc' dir='ltr'><strong><em>παράκειται</em></strong></span> 
     </span>
     <span class='ocr_line' id='line_1_20' title="bbox 146 2209 1163 2301; baseline -0.001 -19"><span class='ocrx_word' id='word_1_188' title='bbox 146 2215 270 2294; x_wconf 78' lang='grc' dir='ltr'><strong><em>πλάτος</em></strong></span> <span class='ocrx_word' id='word_1_189' title='bbox 293 2216 413 2281; x_wconf 85' lang='grc' dir='ltr'><strong><em>ποιοῦν</em></strong></span> <span class='ocrx_word' id='word_1_190' title='bbox 435 2211 499 2299; x_wconf 82' lang='grc' dir='ltr'><strong><em>τὴν</em></strong></span> <span class='ocrx_word' id='word_1_191' title='bbox 521 2220 606 2280; x_wconf 88' lang='grc' dir='ltr'><strong><em>ΖΜ·</em></strong></span> <span class='ocrx_word' id='word_1_192' title='bbox 643 2215 726 2301; x_wconf 80' lang='grc' dir='ltr'><strong><em>ῥητὴ</em></strong></span> <span class='ocrx_word' id='word_1_193' title='bbox 755 2212 821 2301; x_wconf 82' lang='grc' dir='ltr'><strong><em>άρα</em></strong></span> <span class='ocrx_word' id='word_1_194' title='bbox 848 2213 937 2280; x_wconf 81' lang='grc' dir='ltr'><strong><em>ἐστὶν</em></strong></span> <span class='ocrx_word' id='word_1_195' title='bbox 965 2209 986 2299; x_wconf 70' lang='grc' dir='ltr'>ἡ</span> <span class='ocrx_word' id='word_1_196' title='bbox 1010 2220 1086 2281; x_wconf 87' lang='grc' dir='ltr'><strong><em>ΖΜ</em></strong></span> <span class='ocrx_word' id='word_1_197' title='bbox 1105 2215 1163 2282; x_wconf 80' lang='grc' dir='ltr'><strong><em>καὶ</em></strong></span> 
     </span>
    </p>

    <p class='ocr_par' dir='ltr' id='par_1_5' title="bbox 94 2317 1170 2830">
     <span class='ocr_line' id='line_1_21' title="bbox 94 2317 1164 2407; baseline -0.002 -17"><span class='ocrx_word' id='word_1_198' title='bbox 94 2342 128 2390; x_wconf 79' lang='lat'><strong><em>20</em></strong></span> <span class='ocrx_word' id='word_1_199' title='bbox 147 2321 333 2407; x_wconf 82' lang='grc' dir='ltr'><strong><em>σύμμετρος</em></strong></span> <span class='ocrx_word' id='word_1_200' title='bbox 355 2323 395 2407; x_wconf 74' lang='grc' dir='ltr'><strong><em>τῇ</em></strong></span> <span class='ocrx_word' id='word_1_201' title='bbox 419 2324 481 2386; x_wconf 87' lang='grc' dir='ltr'><strong><em>ΓΔ</em></strong></span> <span class='ocrx_word' id='word_1_202' title='bbox 503 2318 608 2406; x_wconf 81' lang='grc' dir='ltr'><strong><em>μήκει.</em></strong></span> <span class='ocrx_word' id='word_1_203' title='bbox 653 2320 708 2386; x_wconf 82' lang='grc' dir='ltr'><strong><em>καὶ</em></strong></span> <span class='ocrx_word' id='word_1_204' title='bbox 732 2320 801 2388; x_wconf 80' lang='grc' dir='ltr'><strong><em>ἐπεὶ</em></strong></span> <span class='ocrx_word' id='word_1_205' title='bbox 823 2317 861 2387; x_wconf 81' lang='grc' dir='ltr'><strong><em>τὸ</em></strong></span> <span class='ocrx_word' id='word_1_206' title='bbox 885 2319 947 2407; x_wconf 71' lang='grc' dir='ltr'><strong><em>μὲν</em></strong></span> <span class='ocrx_word' id='word_1_207' title='bbox 970 2325 1034 2387; x_wconf 94' lang='lat' dir='ltr'><strong><em>TA</em></strong></span> <span class='ocrx_word' id='word_1_208' title='bbox 1056 2318 1164 2406; x_wconf 79' lang='grc' dir='ltr'><strong><em>μέσον</em></strong></span> 
     </span>
     <span class='ocr_line' id='line_1_22' title="bbox 148 2423 1165 2514; baseline 0 -21"><span class='ocrx_word' id='word_1_209' title='bbox 148 2429 249 2511; x_wconf 82' lang='grc' dir='ltr'><strong><em>ἐστίν,</em></strong></span> <span class='ocrx_word' id='word_1_210' title='bbox 273 2424 311 2493; x_wconf 89' lang='grc' dir='ltr'><strong><em>τὸ</em></strong></span> <span class='ocrx_word' id='word_1_211' title='bbox 337 2423 374 2492; x_wconf 67' lang='grc' dir='ltr'><strong><em>δὲ</em></strong></span> <span class='ocrx_word' id='word_1_212' title='bbox 397 2430 462 2490; x_wconf 92' lang='lat' dir='ltr'><strong><em>ZA</em></strong></span> <span class='ocrx_word' id='word_1_213' title='bbox 485 2424 599 2511; x_wconf 82' lang='grc' dir='ltr'><strong><em>ῥητόν,</em></strong></span> <span class='ocrx_word' id='word_1_214' title='bbox 622 2423 835 2513; x_wconf 79' lang='grc' dir='ltr'><strong><em>ἀσύμμετρον</em></strong></span> <span class='ocrx_word' id='word_1_215' title='bbox 859 2423 924 2514; x_wconf 83' lang='grc' dir='ltr'><strong><em>άρα</em></strong></span> <span class='ocrx_word' id='word_1_216' title='bbox 948 2426 1016 2492; x_wconf 80' lang='grc' dir='ltr'><strong><em>ἐστὶ</em></strong></span> <span class='ocrx_word' id='word_1_217' title='bbox 1038 2425 1076 2494; x_wconf 89' lang='grc' dir='ltr'><strong><em>τὸ</em></strong></span> <span class='ocrx_word' id='word_1_218' title='bbox 1101 2432 1165 2493; x_wconf 91' lang='grc' dir='ltr'><strong><em>ΓΛ</em></strong></span> 
     </span>
     <span class='ocr_line' id='line_1_23' title="bbox 147 2527 1170 2621; baseline 0.002 -23"><span class='ocrx_word' id='word_1_219' title='bbox 147 2537 192 2621; x_wconf 75' lang='grc' dir='ltr'><strong><em>τῷ</em></strong></span> <span class='ocrx_word' id='word_1_220' title='bbox 217 2539 290 2598; x_wconf 91' lang='grc' dir='ltr'><strong><em>ΖΛ.</em></strong></span> <span class='ocrx_word' id='word_1_221' title='bbox 333 2527 378 2608; x_wconf 78' lang='grc' dir='ltr'><strong><em>ὡς</em></strong></span> <span class='ocrx_word' id='word_1_222' title='bbox 401 2529 438 2596; x_wconf 70' lang='grc' dir='ltr'><strong><em>δὲ</em></strong></span> <span class='ocrx_word' id='word_1_223' title='bbox 464 2529 502 2598; x_wconf 88' lang='grc' dir='ltr'><strong><em>τὸ</em></strong></span> <span class='ocrx_word' id='word_1_224' title='bbox 528 2536 591 2598; x_wconf 95' lang='lat' dir='ltr'><strong><em>TA</em></strong></span> <span class='ocrx_word' id='word_1_225' title='bbox 623 2534 706 2619; x_wconf 78' lang='grc' dir='ltr'><strong><em>πρὸς</em></strong></span> <span class='ocrx_word' id='word_1_226' title='bbox 733 2533 770 2600; x_wconf 88' lang='grc' dir='ltr'><strong><em>τὸ</em></strong></span> <span class='ocrx_word' id='word_1_227' title='bbox 798 2538 877 2616; x_wconf 82' lang='grc' dir='ltr'><strong><em>ΖΛ,</em></strong></span> <span class='ocrx_word' id='word_1_228' title='bbox 910 2529 1016 2612; x_wconf 77' lang='grc' dir='ltr'><strong><em>οὕτως</em></strong></span> <span class='ocrx_word' id='word_1_229' title='bbox 1042 2529 1064 2618; x_wconf 80' lang='grc' dir='ltr'><em>ἡ</em></span> <span class='ocrx_word' id='word_1_230' title='bbox 1088 2539 1170 2600; x_wconf 89' lang='grc' dir='ltr'><strong><em>ΓΜ</em></strong></span> 
     </span>
     <span class='ocr_line' id='line_1_24' title="bbox 148 2632 1164 2726; baseline 0.004 -24"><span class='ocrx_word' id='word_1_231' title='bbox 148 2634 230 2722; x_wconf 80' lang='grc' dir='ltr'><strong><em>πρὸς</em></strong></span> <span class='ocrx_word' id='word_1_232' title='bbox 253 2639 315 2721; x_wconf 76' lang='grc' dir='ltr'><strong><em>τὴν</em></strong></span> <span class='ocrx_word' id='word_1_233' title='bbox 340 2642 423 2703; x_wconf 88' lang='grc' dir='ltr'><strong><em>ΜΖ·</em></strong></span> <span class='ocrx_word' id='word_1_234' title='bbox 456 2632 663 2723; x_wconf 80' lang='grc' dir='ltr'><strong><em>άσάμμετρος</em></strong></span> <span class='ocrx_word' id='word_1_235' title='bbox 686 2635 750 2723; x_wconf 79' lang='grc' dir='ltr'><strong><em>άρα</em></strong></span> <span class='ocrx_word' id='word_1_236' title='bbox 774 2639 864 2705; x_wconf 79' lang='grc' dir='ltr'><strong><em>ἐστὶν</em></strong></span> <span class='ocrx_word' id='word_1_237' title='bbox 887 2634 908 2724; x_wconf 78' lang='grc' dir='ltr'><em>ἡ</em></span> <span class='ocrx_word' id='word_1_238' title='bbox 931 2643 1008 2705; x_wconf 88' lang='grc' dir='ltr'><strong><em>ΓΜ</em></strong></span> <span class='ocrx_word' id='word_1_239' title='bbox 1025 2641 1065 2726; x_wconf 71' lang='grc' dir='ltr'><strong><em>τῇ</em></strong></span> <span class='ocrx_word' id='word_1_240' title='bbox 1088 2645 1164 2706; x_wconf 89' lang='grc' dir='ltr'><strong><em>ΜΖ</em></strong></span> 
     </span>
     <span class='ocr_line' id='line_1_25' title="bbox 149 2739 1164 2830; baseline 0.003 -22"><span class='ocrx_word' id='word_1_241' title='bbox 149 2742 253 2829; x_wconf 83' lang='grc' dir='ltr'><strong><em>μήκει.</em></strong></span> <span class='ocrx_word' id='word_1_242' title='bbox 299 2748 357 2809; x_wconf 85' lang='grc' dir='ltr'><strong><em>καί</em></strong></span> <span class='ocrx_word' id='word_1_243' title='bbox 378 2746 464 2810; x_wconf 76' lang='grc' dir='ltr'><strong><em>εἰσιν</em></strong></span> <span class='ocrx_word' id='word_1_244' title='bbox 488 2739 672 2830; x_wconf 79' lang='grc' dir='ltr'><strong><em>ἀμφότεραι</em></strong></span> <span class='ocrx_word' id='word_1_245' title='bbox 697 2745 806 2829; x_wconf 83' lang='grc' dir='ltr'><strong><em>ῥηταί’</em></strong></span> <span class='ocrx_word' id='word_1_246' title='bbox 840 2745 878 2809; x_wconf 77' lang='grc' dir='ltr'><strong><em>αλ</em></strong></span> <span class='ocrx_word' id='word_1_247' title='bbox 898 2741 962 2830; x_wconf 82' lang='grc' dir='ltr'><strong><em>άρα</em></strong></span> <span class='ocrx_word' id='word_1_248' title='bbox 985 2748 1069 2830; x_wconf 83' lang='grc' dir='ltr'><strong><em>ΓΜ,</em></strong></span> <span class='ocrx_word' id='word_1_249' title='bbox 1089 2751 1164 2812; x_wconf 90' lang='grc' dir='ltr'><strong><em>ΜΖ</em></strong></span> 
     </span>
    </p>

    <p class='ocr_par' dir='ltr' id='par_1_6' title="bbox 96 2847 1165 3042">
     <span class='ocr_line' id='line_1_26' title="bbox 96 2847 1165 2937; baseline -0.003 -17"><span class='ocrx_word' id='word_1_250' title='bbox 96 2871 130 2920; x_wconf 78' lang='lat'><strong><em>25</em></strong></span> <span class='ocrx_word' id='word_1_251' title='bbox 150 2852 250 2937; x_wconf 84' lang='grc' dir='ltr'><strong><em>ῥηταί</em></strong></span> <span class='ocrx_word' id='word_1_252' title='bbox 279 2853 343 2916; x_wconf 86' lang='grc' dir='ltr'><strong><em>εἰσι</em></strong></span> <span class='ocrx_word' id='word_1_253' title='bbox 371 2848 511 2936; x_wconf 76' lang='grc' dir='ltr'><strong><em>δυνάμει</em></strong></span> <span class='ocrx_word' id='word_1_254' title='bbox 538 2848 645 2936; x_wconf 89' lang='grc' dir='ltr'><strong><em>μόνον</em></strong></span> <span class='ocrx_word' id='word_1_255' title='bbox 678 2849 870 2937; x_wconf 81' lang='grc' dir='ltr'><strong><em>σύμμετροι·</em></strong></span> <span class='ocrx_word' id='word_1_256' title='bbox 912 2847 1063 2937; x_wconf 77' lang='grc' dir='ltr'><strong><em>ἀποτομὴ</em></strong></span> <span class='ocrx_word' id='word_1_257' title='bbox 1096 2847 1165 2937; x_wconf 82' lang='grc' dir='ltr'><strong><em>άρα</em></strong></span> 
     </span>
     <span class='ocr_line' id='line_1_27' title="bbox 150 2953 375 3042; baseline 0 -18"><span class='ocrx_word' id='word_1_258' title='bbox 150 2957 240 3024; x_wconf 83' lang='grc' dir='ltr'><strong><em>ἐστὶν</em></strong></span> <span class='ocrx_word' id='word_1_259' title='bbox 263 2953 284 3042; x_wconf 76' lang='grc' dir='ltr'>ἡ</span> <span class='ocrx_word' id='word_1_260' title='bbox 308 2962 375 3024; x_wconf 91' lang='lat' dir='ltr'><strong><em>TZ.</em></strong></span> 
     </span>
    </p>
   </div>
   <div class='ocr_carea' id='block_1_5' title="bbox 149 3147 1166 3579">
    <p class='ocr_par' dir='ltr' id='par_1_7' title="bbox 149 3147 1166 3507">
     <span class='ocr_line' id='line_1_28' title="bbox 221 3147 1163 3222; baseline 0.002 -17"><span class='ocrx_word' id='word_1_261' title='bbox 221 3158 246 3205; x_wconf 85' lang='grc'><strong><em>3.</em></strong></span> <span class='ocrx_word' id='word_1_262' title='bbox 267 3150 332 3221; x_wconf 83' lang='grc' dir='ltr'><strong><em>μέν]</em></strong></span> <span class='ocrx_word' id='word_1_263' title='bbox 354 3168 408 3206; x_wconf 88' lang='lat' dir='ltr'><strong><em>om.</em></strong></span> <span class='ocrx_word' id='word_1_264' title='bbox 426 3150 461 3206; x_wconf 86' lang='lat' dir='ltr'><strong><em>V.</em></strong></span> <span class='ocrx_word' id='word_1_265' title='bbox 531 3157 556 3207; x_wconf 75' lang='lat'><strong><em>5.</em></strong></span> <span class='ocrx_word' id='word_1_266' title='bbox 575 3151 644 3206; x_wconf 78' lang='lat' dir='ltr'>Post</span> <span class='ocrx_word' id='word_1_267' title='bbox 662 3147 695 3204; x_wconf 78' lang='grc' dir='ltr'><strong><em>δέ</em></strong></span> <span class='ocrx_word' id='word_1_268' title='bbox 714 3166 767 3204; x_wconf 76' lang='lat' dir='ltr'><strong><em>ras.</em></strong></span> <span class='ocrx_word' id='word_1_269' title='bbox 787 3156 803 3204; x_wconf 80' lang='lat'><strong>2</strong></span> <span class='ocrx_word' id='word_1_270' title='bbox 821 3150 877 3206; x_wconf 76' lang='lat' dir='ltr'><strong>litt.</strong></span> <span class='ocrx_word' id='word_1_271' title='bbox 897 3151 930 3205; x_wconf 92' lang='lat' dir='ltr'><strong><em>V.</em></strong></span> <span class='ocrx_word' id='word_1_272' title='bbox 1003 3151 1073 3222; x_wconf 86' lang='grc' dir='ltr'><strong><em>ΗΒ]</em></strong></span> <span class='ocrx_word' id='word_1_273' title='bbox 1092 3154 1163 3208; x_wconf 74' lang='lat' dir='ltr'><strong>mut.</strong></span> 
     </span>
     <span class='ocr_line' id='line_1_29' title="bbox 149 3220 1166 3292; baseline 0.003 -18"><span class='ocrx_word' id='word_1_274' title='bbox 149 3222 179 3275; x_wconf 89' lang='lat' dir='ltr'><strong><em>in</em></strong></span> <span class='ocrx_word' id='word_1_275' title='bbox 199 3227 248 3274; x_wconf 87' lang='lat' dir='ltr'><strong><em>AB</em></strong></span> <span class='ocrx_word' id='word_1_276' title='bbox 268 3239 304 3275; x_wconf 89' lang='lat' dir='ltr'><strong><em>m.</em></strong></span> <span class='ocrx_word' id='word_1_277' title='bbox 323 3227 340 3275; x_wconf 78' lang='lat'>2</span> <span class='ocrx_word' id='word_1_278' title='bbox 359 3221 394 3288; x_wconf 79' lang='lat' dir='ltr'><strong><em>F,</em></strong></span> <span class='ocrx_word' id='word_1_279' title='bbox 413 3222 444 3275; x_wconf 90' lang='lat' dir='ltr'><strong><em>in</em></strong></span> <span class='ocrx_word' id='word_1_280' title='bbox 461 3239 514 3277; x_wconf 77' lang='lat' dir='ltr'><strong>ras.</strong></span> <span class='ocrx_word' id='word_1_281' title='bbox 534 3222 567 3276; x_wconf 88' lang='lat' dir='ltr'><strong><em>V.</em></strong></span> <span class='ocrx_word' id='word_1_282' title='bbox 641 3221 702 3292; x_wconf 84' lang='grc' dir='ltr'><strong><em>ΓΛ]</em></strong></span> <span class='ocrx_word' id='word_1_283' title='bbox 722 3226 747 3274; x_wconf 86' lang='lat' dir='ltr'><em>A</em></span> <span class='ocrx_word' id='word_1_284' title='bbox 764 3220 795 3275; x_wconf 91' lang='lat' dir='ltr'><strong><em>in</em></strong></span> <span class='ocrx_word' id='word_1_285' title='bbox 811 3238 866 3279; x_wconf 79' lang='lat' dir='ltr'><strong><em>ras,</em></strong></span> <span class='ocrx_word' id='word_1_286' title='bbox 884 3239 922 3277; x_wconf 91' lang='lat' dir='ltr'><strong><em>m.</em></strong></span> <span class='ocrx_word' id='word_1_287' title='bbox 943 3227 957 3275; x_wconf 94' lang='lat'>1</span> <span class='ocrx_word' id='word_1_288' title='bbox 977 3220 1016 3289; x_wconf 88' lang='lat' dir='ltr'><strong><em>P,</em></strong></span> <span class='ocrx_word' id='word_1_289' title='bbox 1039 3239 1108 3279; x_wconf 83' lang='lat' dir='ltr'>corr.</span> <span class='ocrx_word' id='word_1_290' title='bbox 1131 3241 1166 3279; x_wconf 81' lang='lat' dir='ltr'><strong><em>ex</em></strong></span> 
     </span>
     <span class='ocr_line' id='line_1_30' title="bbox 150 3287 1152 3363; baseline 0.006 -20"><span class='ocrx_word' id='word_1_291' title='bbox 150 3290 222 3345; x_wconf 84' lang='lat' dir='ltr'><strong><em>AB.</em></strong></span> <span class='ocrx_word' id='word_1_292' title='bbox 279 3297 303 3345; x_wconf 76' lang='lat'><strong><em>6.</em></strong></span> <span class='ocrx_word' id='word_1_293' title='bbox 323 3287 354 3345; x_wconf 83' lang='grc' dir='ltr'><strong><em>τὸ</em></strong></span> <span class='ocrx_word' id='word_1_294' title='bbox 375 3289 407 3345; x_wconf 80' lang='grc' dir='ltr'><strong><em>δέ</em></strong></span> <span class='ocrx_word' id='word_1_295' title='bbox 426 3323 460 3332; x_wconf 94' lang='grc'>-</span> <span class='ocrx_word' id='word_1_296' title='bbox 480 3299 504 3347; x_wconf 79' lang='grc'><strong><em>7.</em></strong></span> <span class='ocrx_word' id='word_1_297' title='bbox 524 3287 581 3346; x_wconf 84' lang='grc' dir='ltr'><strong><em>άπὸ</em></strong></span> <span class='ocrx_word' id='word_1_298' title='bbox 600 3292 670 3363; x_wconf 82' lang='grc' dir='ltr'><strong><em>τῶν]</em></strong></span> <span class='ocrx_word' id='word_1_299' title='bbox 689 3287 724 3347; x_wconf 82' lang='grc' dir='ltr'><strong><em>τά</em></strong></span> <span class='ocrx_word' id='word_1_300' title='bbox 743 3289 775 3347; x_wconf 71' lang='grc' dir='ltr'><strong><em>δὲ</em></strong></span> <span class='ocrx_word' id='word_1_301' title='bbox 794 3287 852 3347; x_wconf 82' lang='grc' dir='ltr'><strong><em>άπὸ</em></strong></span> <span class='ocrx_word' id='word_1_302' title='bbox 871 3293 921 3362; x_wconf 81' lang='grc' dir='ltr'><strong><em>τῆς</em></strong></span> <span class='ocrx_word' id='word_1_303' title='bbox 939 3293 972 3348; x_wconf 91' lang='lat' dir='ltr'><strong><em>V.</em></strong></span> <span class='ocrx_word' id='word_1_304' title='bbox 1028 3289 1152 3350; x_wconf 66' lang='grc' dir='ltr'><strong><em>Γ1.ἒστίν</em></strong></span> 
     </span>
     <span class='ocr_line' id='line_1_31' title="bbox 152 3357 1151 3432; baseline 0.005 -16"><span class='ocrx_word' id='word_1_305' title='bbox 152 3357 212 3416; x_wconf 76' lang='grc' dir='ltr'><strong><em>ἐστι’</em></strong></span> <span class='ocrx_word' id='word_1_306' title='bbox 227 3362 286 3429; x_wconf 88' lang='grc' dir='ltr'><strong><em>ΡΒ,</em></strong></span> <span class='ocrx_word' id='word_1_307' title='bbox 306 3378 397 3430; x_wconf 82' lang='lat' dir='ltr'><strong>comp.</strong></span> <span class='ocrx_word' id='word_1_308' title='bbox 416 3362 482 3429; x_wconf 83' lang='lat' dir='ltr'><strong><em>FV;</em></strong></span> <span class='ocrx_word' id='word_1_309' title='bbox 503 3359 578 3418; x_wconf 82' lang='grc' dir='ltr'><strong><em>εἶναι</em></strong></span> <span class='ocrx_word' id='word_1_310' title='bbox 595 3362 629 3430; x_wconf 87' lang='lat' dir='ltr'><strong><em>V,</em></strong></span> <span class='ocrx_word' id='word_1_311' title='bbox 649 3379 803 3432; x_wconf 76' lang='lat' dir='ltr'><strong>suprascr.</strong></span> <span class='ocrx_word' id='word_1_312' title='bbox 824 3359 881 3418; x_wconf 79' lang='grc' dir='ltr'><strong><em>ἐστι</em></strong></span> <span class='ocrx_word' id='word_1_313' title='bbox 900 3383 937 3418; x_wconf 90' lang='lat' dir='ltr'><strong><em>m.</em></strong></span> <span class='ocrx_word' id='word_1_314' title='bbox 959 3369 981 3419; x_wconf 89' lang='lat'><strong><em>1.</em></strong></span> <span class='ocrx_word' id='word_1_315' title='bbox 1055 3369 1079 3420; x_wconf 89' lang='lat'><strong><em>8.</em></strong></span> <span class='ocrx_word' id='word_1_316' title='bbox 1101 3370 1151 3422; x_wconf 84' lang='grc' dir='ltr'><strong><em>ΓΛ</em></strong></span> 
     </span>
     <span class='ocr_line' id='line_1_32' title="bbox 151 3431 1164 3507; baseline 0.007 -21"><span class='ocrx_word' id='word_1_317' title='bbox 151 3435 218 3488; x_wconf 68' lang='lat' dir='ltr'><strong>mut.</strong></span> <span class='ocrx_word' id='word_1_318' title='bbox 238 3434 268 3488; x_wconf 87' lang='lat' dir='ltr'><strong><em>in</em></strong></span> <span class='ocrx_word' id='word_1_319' title='bbox 288 3437 344 3487; x_wconf 92' lang='grc' dir='ltr'><strong><em>ΛΓ</em></strong></span> <span class='ocrx_word' id='word_1_320' title='bbox 359 3451 395 3488; x_wconf 91' lang='lat' dir='ltr'><strong><em>m.</em></strong></span> <span class='ocrx_word' id='word_1_321' title='bbox 418 3439 431 3487; x_wconf 94' lang='lat'><strong>1</strong></span> <span class='ocrx_word' id='word_1_322' title='bbox 451 3433 480 3489; x_wconf 84' lang='lat' dir='ltr'><strong><em>F.</em></strong></span> <span class='ocrx_word' id='word_1_323' title='bbox 554 3440 578 3489; x_wconf 86' lang='lat'><strong><em>9.</em></strong></span> <span class='ocrx_word' id='word_1_324' title='bbox 604 3435 679 3504; x_wconf 87' lang='grc' dir='ltr'><strong><em>ΓΜ]</em></strong></span> <span class='ocrx_word' id='word_1_325' title='bbox 705 3437 764 3486; x_wconf 88' lang='grc' dir='ltr'><strong><em>ΓΗ</em></strong></span> <span class='ocrx_word' id='word_1_326' title='bbox 781 3454 810 3503; x_wconf 81' lang='grc' dir='ltr'><strong><em>φ.</em></strong></span> <span class='ocrx_word' id='word_1_327' title='bbox 883 3431 970 3506; x_wconf 71' lang='grc' dir='ltr'><strong><em>ῥητή]</em></strong></span> <span class='ocrx_word' id='word_1_328' title='bbox 990 3431 1037 3505; x_wconf 64' lang='lat' dir='ltr'><strong><em>§n-</em></strong></span> <span class='ocrx_word' id='word_1_329' title='bbox 1057 3451 1112 3494; x_wconf 87' lang='lat' dir='ltr'><strong><em>om.</em></strong></span> <span class='ocrx_word' id='word_1_330' title='bbox 1133 3458 1164 3507; x_wconf 86' lang='grc' dir='ltr'><strong><em>φ.</em></strong></span> 
     </span>
    </p>

    <p class='ocr_par' dir='ltr' id='par_1_8' title="bbox 182 3498 1166 3579">
     <span class='ocr_line' id='line_1_33' title="bbox 182 3498 1166 3579; baseline 0.005 -20"><span class='ocrx_word' id='word_1_331' title='bbox 182 3505 392 3579; x_wconf 76' lang='grc' dir='ltr'><em>11,ΓΕ]ΒΑ</em></span> <span class='ocrx_word' id='word_1_332' title='bbox 410 3506 441 3561; x_wconf 92' lang='grc' dir='ltr'><strong><em>Β.</em></strong></span> <span class='ocrx_word' id='word_1_333' title='bbox 504 3511 544 3563; x_wconf 84' lang='grc'><strong><em>13.</em></strong></span> <span class='ocrx_word' id='word_1_334' title='bbox 565 3498 631 3578; x_wconf 79' lang='grc' dir='ltr'><strong><em>οὖν]</em></strong></span> <span class='ocrx_word' id='word_1_335' title='bbox 650 3520 702 3561; x_wconf 88' lang='lat' dir='ltr'><strong><em>om.</em></strong></span> <span class='ocrx_word' id='word_1_336' title='bbox 723 3504 782 3573; x_wconf 75' lang='lat' dir='ltr'><strong><em>ch.</em></strong></span> <span class='ocrx_word' id='word_1_337' title='bbox 839 3510 880 3560; x_wconf 86' lang='lat'><strong><em>14.</em></strong></span> <span class='ocrx_word' id='word_1_338' title='bbox 899 3507 952 3560; x_wconf 82' lang='grc' dir='ltr'><strong><em>ναί</em></strong></span> <span class='ocrx_word' id='word_1_339' title='bbox 963 3507 1059 3577; x_wconf 90' lang='grc' dir='ltr'><strong><em>-Ν]</em></strong></span> <span class='ocrx_word' id='word_1_340' title='bbox 1080 3525 1166 3578; x_wconf 77' lang='lat' dir='ltr'><strong>supra</strong></span> 
     </span>
    </p>
   </div>
   <div class='ocr_carea' id='block_1_6' title="bbox 0 0 1247 3914">
    <p class='ocr_par' dir='ltr' id='par_1_9' title="bbox 0 0 1247 3914">
     <span class='ocr_line' id='line_1_34' title="bbox 0 0 1247 3914; baseline 0 0"><span class='ocrx_word' id='word_1_341' title='bbox 0 0 1247 3914; x_wconf 95' lang='lat' dir='ltr'><strong><em> </em></strong></span> 
     </span>
    </p>
   </div>
  </div>
 </body>
</html>
