2474 3908
131 162 197 229 366
518 165 719 219 mommsen
738 159 765 219 ι’.

130 313 194 373 ΓΔ
217 305 404 394 σύμμετρός
428 308 495 374 έστι
523 309 563 393 τῆ
592 306 761 394 ἐκκειμένῃ
790 298 882 395 ῥητῇ
901 305 1015 393 μήκει,
1045 308 1106 375 καὶ
1135 305 1156 396 ῆ

133 421 207 498 ΖΘ,
241 418 272 482 εἰ
303 413 340 481 δέ
376 409 535 497 οὐδετέρα
567 415 635 480 τῶν
663 417 740 497 ΒΓ,
770 417 852 497 ΓΔ,
886 409 1052 501 οὐδετέρα
1085 418 1158 484 τῶν

131 526 196 587 ΚΖ
231 526 300 587 ΖΘ.

197 570 243 675 'Ec
274 607 312 675 δὲ
348 604 369 694 ῆ
403 615 468 675 ΒΓ
498 611 557 694 τῆς
590 612 651 675 ΓΔ
683 586 795 694 μεῖξον
827 606 970 676 δύναται
1002 611 1052 700 τῷ
1087 607 1158 678 άπὸ

96 713 344 804 σάσυμμέτρου
373 714 488 804 ἑαυτῆ,
515 715 571 782 καὶ
599 711 620 801 ῆ
645 721 709 781 ΚΖ
736 718 794 801 τῆς
818 722 879 783 ΖΘ
907 719 1022 801 μεῖζον
1048 714 1158 802 δυνή-

131 842 221 890 σεται
239 832 285 915 τῷ
305 819 370 890 ἀπὸ
392 819 607 909 ἀσυμμέτρου
622 822 732 910 ἑαυτῆ.
768 822 824 888 καὶ
838 824 869 888 εἰ
881 820 943 908 μὲν
958 820 1157 910 σύμμετρός

130 931 221 998 ἐστιν
244 928 265 1015 ἡ
288 934 357 997 ΒΓ
377 933 417 1018 τῆ
442 929 611 1017 ἐκκειμένῃ
636 930 718 1017 ῥῆτῆ
743 926 855 1015 μήκει,
882 927 938 994 καὶ
961 923 982 1013 ῆ
1007 934 1096 1014 ΚΖ,
1127 934 1159 997 εἰ

131 1037 168 1104 δέ
191 1033 211 1122 ῆ
236 1042 312 1122 ΓΔ,
337 1037 393 1103 καὶ
416 1033 437 1122 ῆ
464 1043 539 1120 ΖΘ,
568 1039 599 1103 εἰ
625 1020 670 1102 δέ
691 1032 849 1121 οὐδετέρα
877 1044 944 1101 τῶν
969 1040 1054 1121 ΒΓ,
1078 1042 1156 1122 ΓΔ,
1196 1097 1199 1101 ,

131 1139 290 1230 οὐδετέρα
312 1146 381 1210 τῶν
404 1148 481 1228 ΚΖ,
506 1148 575 1210 ΖΘ.

79 1270 112 1319 10
194 1245 249 1316 Ἐκ
272 1247 335 1316 δύο
359 1246 424 1335 άρα
444 1245 620 1334 ὀνομάτων
639 1247 730 1315 ἐστὶν
748 1243 768 1332 ῆ
785 1253 861 1332 ΚΘ,
883 1237 923 1333 ῆς
937 1243 978 1313 τά
998 1245 1157 1335 ὀνόματα

130 1353 171 1422 τά
194 1362 274 1438 ΚΖ,
299 1362 360 1422 ΖΘ
387 1353 558 1441 σύμμετρά
582 1356 678 1438 [ἐστι]
703 1367 773 1432 τοῖς
794 1357 853 1439 τῆς
876 1351 1051 1441 ἀποτομῆς
1076 1354 1152 1424 ὀνό·

131 1480 211 1548 μασι
233 1475 304 1540 τοῖς
326 1466 403 1545 ΒΓ,
427 1465 489 1527 ΓΔ
511 1461 566 1528 καὶ
590 1461 626 1528 έν
649 1463 695 1552 τῷ
718 1457 808 1551 αὐτῷ
833 1459 938 1550 λόγῳ,
967 1460 1026 1527 καὶ
1056 1465 1108 1529 ἔτι
1132 1459 1154 1549 ῆ

130 1574 198 1635 ΚΘ
219 1571 259 1653 τῆ
282 1572 350 1633 ΒΓ
368 1563 429 1650 τῆν
453 1563 560 1651 αὐτὴν
584 1567 648 1647 ἕξει
671 1565 778 1647 τάξιν·
806 1564 887 1654 ὅπερ
907 1569 975 1635 ἔδει
999 1569 1121 1649 δεῖξαι.

602 1745 680 1833 ριό’.

79 1890 111 1938 15
195 1866 281 1937 Ἐάν
313 1873 462 1956 χωρίον
493 1869 721 1956 περιέχηται
748 1867 823 1938 ὑπὸ
854 1866 1058 1956 ἀποτομῆς
1086 1874 1154 1940 καὶ

129 1978 196 2062 τῆς
234 1978 273 2043 ἐκ
311 1974 382 2044 δύο
417 1973 637 2061 ὀνομάτων,
675 1966 719 2061 ῆς
755 1974 800 2044 τά
839 1974 1016 2063 ὀνόματα
1057 1980 1154 2066 σάμ-

130 2082 250 2170 μετρά
277 2084 320 2151 τέ
346 2083 428 2151 ἐστι
456 2095 539 2162 τοῖς
566 2086 633 2168 τῆς
659 2079 860 2169 ἀποτομῆς
890 2081 1061 2169 ὀνόμασι
1085 2087 1154 2153 καὶ

130 2193 171 2259 έν
195 2193 244 2281 τῷ
270 2185 372 2281 αὐτῷ
396 2188 515 2280 λόγῳ,
539 2185 560 2275 ῆ
584 2186 626 2256 τό
650 2194 797 2277 χωρίον
821 2191 1024 2290 δυναμένη
1050 2191 1153 2279 ῥητή

130 2299 248 2365 ἐστιν.

78 2422 111 2472 20
193 2403 407 2491 Περιεχέσθω
431 2400 495 2490 γάρ
521 2408 646 2491 χωρίον
668 2402 707 2470 τὸ
726 2399 792 2470 ὑπὸ
811 2407 879 2472 τῶν
898 2411 975 2490 ΑΒ,
994 2409 1058 2471 ΓΔ
1080 2403 1152 2476 ὑπὸ

130 2506 299 2595 ἀποτομῆς
320 2512 379 2594 τῆς
397 2515 462 2575 ΑΒ
484 2509 540 2575 καὶ
562 2511 621 2595 τῆς
644 2510 680 2577 ἐκ
703 2507 767 2577 δύο
792 2507 968 2593 ὀνομάτων
992 2515 1051 2598 τῆς
1075 2519 1152 2602 ΓΔ,

129 2607 169 2702 ῆς
191 2620 304 2700 μεῖζον
327 2612 434 2700 ὀνομοι
458 2619 541 2683 ἔστω
570 2614 608 2683 τὸ
633 2621 710 2701 ΓΕ,
737 2616 793 2683 καὶ
822 2615 970 2684 ἔστωτὰ
995 2616 1151 2705 ὀνόματα

128 2725 189 2808 τῆς
211 2723 246 2788 έκ
271 2719 333 2788 ὀάο
357 2720 533 2806 ὀνομάτων
556 2719 596 2787 τά
618 2728 693 2808 ΓΒ,
717 2729 785 2789 ΒΔ
811 2721 981 2809 σύμμετρά
1011 2751 1047 2792 τε
1074 2740 1151 2806 τοῖς

128 2832 187 2915 τῆς
209 2824 379 2913 ἀποτομῆς
403 2822 546 2913 ὀνόμασι
569 2841 640 2908 τοῖς
665 2836 740 2914 ΑΖ,
767 2836 827 2897 ΖΒ
849 2830 906 2897 καὶ
929 2830 967 2898 έν
988 2833 1034 2922 τῷ
1055 2828 1150 2925 αὐτῷ

201 3030 224 3079 1.
246 3025 308 3095 ΓΔ]
328 3023 425 3078 ΔΓΒ
444 3025 474 3078 et
492 3040 508 3078 e
527 3040 597 3079 corr.
620 3024 652 3080 V.
712 3031 737 3080 2.
757 3025 941 3098 ΒΓ-ιῶν]
959 3027 1060 3096 postea
1077 3027 1147 3083 add.

128 3114 164 3149 m.
186 3101 200 3148 1
220 3095 250 3149 P.
328 3095 397 3150 Post
416 3098 471 3148 ΓΔ
489 3095 554 3150 add.
573 3097 626 3150 καί
641 3096 672 3166 b,
695 3115 732 3153 m.
752 3101 768 3151 2
787 3096 817 3150 F.
898 3102 922 3151 4.
947 3093 1068 3165 δύνηται
1088 3099 1148 3155 Bb.

165 3171 190 3220 5.
210 3163 316 3236 σνμμέτ
334 3186 368 3221 ον
386 3165 417 3235 V,
437 3166 494 3221 sed.
510 3183 579 3222 corr.
635 3167 850 3238 KZ]Zeoorr.
865 3166 900 3238 V,
918 3170 975 3221 ΚΔ
990 3168 1020 3222 Ρ.
1078 3171 1147 3242 ΖΘ]

129 3238 180 3290 ΘΖ
203 3235 234 3290 in
251 3253 307 3290 rae.
353 3279 359 3292 .
433 3245 456 3292 6.
481 3235 640 3309 συμμέτρου
658 3238 697 3306 V,
721 3240 770 3295 sed
795 3255 864 3293 corr.
940 3245 964 3296 7.
988 3233 1085 3365 ἔστιν]
1107 3257 1147 3296 m.

128 3305 193 3362 ΒΡ.
258 3312 282 3361 8.
303 3308 366 3378 ΖΘ]
387 3308 439 3361 ΘΖ
457 3308 488 3364 F.
549 3312 599 3363 ΓΔ
617 3310 670 3363 καί
684 3309 711 3365 b.
778 3315 819 3364 11.
838 3308 966 3380 σάμμετοι
985 3310 1014 3363 Β.
1087 3313 1146 3384 στι]

129 3395 182 3433 om.
202 3376 238 3444 P,
262 3394 417 3447 suprascr.
437 3378 468 3433 V.
555 3374 693 3450 ὀνόμασιν
712 3381 743 3435 Β.
826 3386 866 3435 13.
890 3382 960 3452 ΒΓ]
984 3385 1039 3435 ΒΔ
1061 3382 1147 3437 PFb.

164 3445 233 3517 ὅπερ
263 3445 323 3503 ἔδει
351 3449 460 3520 δεῖξαι]
490 3466 543 3504 om.
569 3450 650 3506 BFb.
743 3457 784 3506 14.
809 3447 864 3521 ριε’
884 3453 903 3505 b
926 3455 955 3507 et
977 3468 992 3506 e
1017 3469 1087 3508 corr.
1114 3454 1147 3521 F,

127 3517 184 3590 ρις’
204 3520 266 3575 BV.
346 3525 387 3575 17.
406 3519 448 3590 τε]
471 3537 526 3575 om.
545 3519 633 3576 ΒΓΚ.
706 3517 845 3594 ὀνόμασιν
864 3523 948 3578 PFB.
1001 3520 1065 3580 Ι19.
1086 3519 1149 3579 ἐστι
