2474 3908
151 162 214 227 198
535 157 736 212 Συοιιωιιαν
755 153 783 213 ι’.

149 303 215 373 άπὸ
251 314 310 392 τῆς
346 310 411 370 ΑΒ
445 310 521 370 ἴσον
556 299 824 386 παραβεβλήσθω
861 296 900 367 τὸ
938 304 1006 367 ΔΖ
1044 296 1169 379 πλάτος

149 414 272 479 ποιοῦν
295 407 357 496 τήν
381 415 468 475 ΔΗ·
501 407 602 494 λέγω,
625 404 677 475 ὅτι
700 402 721 492 ή
745 412 824 474 ΔΗ
842 408 878 474 ἐκ
901 402 966 474 δύο
986 401 1168 492 ὀνομάτων

150 516 241 585 ἐστὶν
264 518 348 601 έκτη.

216 621 485 692 Κατεσκευάσθω
512 648 576 707 γαρ
604 619 645 688 τά
673 618 757 687 αὐτὰ
789 632 860 700 τοῖς
891 617 1069 706 πρότερον.
1114 619 1170 686 καὶ

115 755 131 802 5
152 730 220 797 ἐπεὶ
243 727 264 816 ή
288 736 352 797 ΑΒ
378 727 440 797 δύο
470 727 554 814 μέσα
582 726 752 812 δυναμένη
781 724 850 793 ἐστὶ
877 725 1063 814 διῃρημένη
1086 722 1171 793 κατά

150 834 188 903 τὸ
221 841 264 921 Γ,
297 837 334 902 αἱ
361 841 441 921 ΑΓ,
475 839 535 901 ΓΒ
568 831 634 919 άρα
666 829 809 917 δυνάμει
840 830 928 900 εἰσὶν
960 827 1172 920 ἀσύμμετροι

151 951 309 1010 ποιοῦσαι
331 939 369 1010 τό
391 967 427 1009 τε
450 944 669 1026 συγκείμενον
691 940 818 1006 ἐκτῶν
841 932 893 1005 ἀπ’
918 934 1033 1006 αὐτῶν
1056 963 1173 1027 τετρα-

152 1046 273 1135 γάνων
296 1049 399 1134 μέσον
421 1046 477 1114 καὶ
504 1048 541 1113 τὸ
569 1042 622 1113 ὑπ’
644 1042 757 1119 αὐτῶν
785 1045 889 1132 μέσον
915 1044 971 1111 καὶ
994 1048 1044 1112 ἔτι
1067 1044 1174 1133 άσάμ·

152 1181 273 1244 μετρον
291 1152 329 1222 τὸ
349 1151 385 1221 έκ
403 1157 472 1222 τῶν
491 1150 543 1220 ἄπ’
570 1150 683 1219 αὐτῶν
704 1151 924 1239 τετραγώνων
947 1155 1174 1238 συγκείμενον

99 1286 133 1335 10
150 1266 196 1353 τῷ
224 1258 276 1329 ὑπ’
308 1257 432 1328 αὐτῶν·
470 1258 554 1329 ὥστε
585 1260 668 1327 κατά
694 1261 735 1326 τά
768 1259 1031 1346 προδεδειγμένα
1064 1257 1174 1345 μέσον

152 1366 243 1437 ἐστὶν
271 1365 429 1453 ἑκάτερον
456 1371 525 1436 τάν
548 1374 632 1452 ΔΛ,
656 1372 736 1435 ΜΖ.
773 1366 831 1434 καὶ
857 1363 947 1452 παρὰ
975 1363 1084 1452 ῥητήν
1110 1361 1174 1451 τήν

153 1481 223 1542 ΔΕ
247 1473 454 1561 παράκειται·
492 1475 574 1561 ῥητή
602 1470 669 1558 άρα
696 1468 788 1540 ἐστὶν
816 1471 953 1559 ἑκατέρα
980 1474 1051 1539 τῶν
1079 1476 1172 1557 ΔΜ,

153 1586 237 1647 ΜΗ
248 1579 304 1646 καὶ
328 1576 536 1667 ἀσύμμετρος
554 1583 593 1668 τῇ
613 1585 683 1645 ΔΕ
702 1580 806 1665 μήκει.
850 1577 906 1645 καὶ
929 1573 999 1645 ἐπεὶ
1022 1574 1173 1664 ἀσύμμε-

152 1684 233 1773 τρόν
261 1682 331 1753 ἐστι
358 1681 395 1751 τὸ
424 1690 644 1772 συγκείμενον
667 1682 794 1753 ἐκτῶν
821 1681 887 1752 άπδ
909 1693 979 1752 τῶν
1000 1691 1033 1751 Α
1039 1690 1084 1771 Γ,
1108 1690 1172 1752 ΓΒ

101 1814 134 1864 16
152 1795 198 1883 τῷ
226 1791 278 1871 δὶς
303 1787 370 1859 ὑπὸ
397 1795 466 1860 τῶν
494 1798 574 1876 ΑΓ,
603 1796 680 1877 ΓΒ,
708 1791 919 1878 ἀσύμμετρον
947 1788 1013 1877 άρα
1037 1788 1111 1860 ἐστὶ
1135 1788 1173 1858 τὸ

154 1903 224 1965 ΔΛ
250 1908 296 1989 τῷ
323 1904 405 1965 ΜΖ.
451 1893 660 1985 ἀσύμμετρος
687 1896 754 1986 άροι
780 1897 835 1965 καὶ
866 1894 886 1984 ή
911 1902 994 1965 ΔΜ
1010 1906 1052 1986 τῇ
1078 1903 1172 1965 ΜΗ·

154 2006 192 2072 αί
212 2010 305 2090 ΔΜ,
334 2010 419 2071 ΜΗ
439 2002 506 2093 άρα
533 2005 633 2091 ῥηταί
658 2006 723 2071 είσι
752 2001 894 2091 δυνάμει
917 2002 1025 2091 μόνον
1048 2002 1173 2090 σάμμε·

153 2133 239 2199 τροι·
261 2109 299 2179 ἐκ
322 2112 384 2179 δύο
408 2108 474 2197 άρα
498 2108 674 2197 ὀνομάτων
697 2107 788 2178 ἐστὶν
810 2107 831 2197 ἡ
855 2116 936 2177 ΔΗ.

220 2218 317 2305 Λέγω
342 2215 396 2305 δή,
419 2215 470 2284 ὅτι
492 2217 548 2284 καὶ
572 2218 656 2303 ἕκτη.

101 2347 135 2395 10
216 2321 355 2411 Ὁμοίως
378 2322 420 2408 δή
444 2321 546 2390 πάλιν
569 2325 732 2409 δείξομεν,
756 2323 805 2391 ὅτι
826 2326 863 2391 τὸ
881 2320 948 2391 ὑπὸ
966 2326 1034 2391 τῶν
1051 2327 1178 2390 ΔΚΜ

156 2438 232 2499 ίσον
260 2426 330 2498 ε’στὶ
357 2439 403 2522 τῷ
432 2426 497 2496 άπὸ
524 2433 582 2516 τῆς
605 2435 698 2515 ΜΝ,
726 2429 782 2497 καὶ
811 2427 862 2498 ὅτι
889 2426 910 2515 ή
935 2434 1009 2497 AK
1028 2432 1069 2519 τή
1094 2434 1180 2496 ΚΜ

156 2535 252 2623 μήκει
279 2532 371 2603 ἐστὶν
398 2533 620 2623 άσάμμετρος·
651 2536 707 2603 καὶ
731 2533 788 2604 διά
811 2534 852 2604 τά
875 2532 959 2604 αὐτά
983 2533 1026 2622 δή
1048 2532 1070 2622 ή
1095 2540 1181 2604 ΔΜ

156 2646 215 2730 τῆς
242 2649 325 2710 ΜΗ
347 2647 458 2729 μεῖζον
487 2644 628 2727 δύναται
656 2654 701 2735 τῷ
730 2640 795 2712 άπὸ
824 2643 1038 2730 ἀσυμμέτρου
1069 2641 1173 2730 ἑαυτῇ

157 2748 263 2837 μήκει.
307 2750 362 2816 καὶ
386 2747 547 2839 οὐδετέρα
573 2760 642 2818 τῶν
671 2757 763 2836 ΔΜ,
788 2756 872 2818 ΜΗ
891 2746 1082 2837 σύμμετρός
1105 2749 1176 2816 ἐστι

103 2876 137 2926 25
157 2858 197 2944 τῇ
221 2856 390 2946 ἐκκειμένῃ
415 2858 497 2946 ῥητή
520 2860 561 2946 τή
585 2862 655 2924 ΔΕ
676 2855 780 2942 μήκει.

231 3094 255 3142 1.
274 3088 348 3159 ίοον]
368 3089 430 3141 ἴσον
447 3085 737 3173 παραλληλόγραμμον
755 3086 789 3142 V.
849 3092 874 3140 4.
892 3083 1121 3142 κατασκευάοδω
1141 3087 1177 3155 V,

159 3158 209 3215 sed
227 3175 297 3215 corr
369 3162 395 3212 6.
419 3154 615 3245 δύσμορον.
634 3175 707 3245 οκμ
724 3157 754 3214 Ρ.
832 3161 856 3212 6
881 3161 937 3212 ΑΓ
975 3156 1076 3212 ΓΑΡ.
1150 3164 1176 3214 9.

158 3225 190 3283 τὸ
211 3229 402 3352 συγκείμενον
418 3222 449 3281 ἐκ
468 3248 524 3282 των
544 3223 595 3283 ἀπ’
612 3178 707 3284 αὐτων
721 3225 905 3299 τετραγώνων
966 3244 1019 3283 oon
1037 3229 1177 3367 (BFng.

197 3303 238 3352 10.
257 3298 309 3370 τῷ]
331 3318 369 3352 τω
389 3293 421 3352 ἐκ
439 3297 545 3353 τάνΡ.
616 3296 664 3370 τά]
689 3316 743 3355 om.
761 3301 788 3354 b.
861 3301 1052 3369 προδεδειδοιγ
1054 3298 1128 3370 μένα

160 3384 230 3424 corr.
250 3387 287 3423 m.
309 3375 332 3423 1.
412 3374 453 3422 12.
476 3366 718 3437 παράκεινταιΡ.
792 3368 884 3443 ἐστίν]
911 3366 969 3425 ἐστὶ
987 3371 1041 3425 καί
1058 3370 1177 3427 BFVb.

197 3445 239 3496 15.
259 3435 383 3495 ἐστίνΡ.
458 3447 499 3496 16.
518 3440 594 3512 ΜΖ]
614 3457 683 3496 corr.
702 3456 737 3495 ex
754 3444 871 3498 Mrm
892 3441 1176 3529 1Ρ.17.ΔΜ]

161 3527 231 3567 corr.
255 3529 290 3568 ex
312 3515 375 3566 AM
394 3530 429 3567 m.
449 3527 504 3567 ree.
523 3513 553 3569 P.
629 3518 670 3568 19.
694 3507 746 3584 δή]
767 3528 838 3569 om
831 3512 902 3570 BV.
980 3519 1024 3568 20.
1047 3511 1179 3586 δή]γάρ
