2474 3908
168 157 233 223 340
554 157 756 210 Συοσωιιιια
774 153 802 212 ι’.

167 302 287 387 μέσον,
319 299 357 368 τὸ
387 295 418 366 δ’
443 294 500 366 ὑπ’
527 294 640 367 αῦτών
667 298 780 387 ῥητόν.
824 299 881 367 καὶ
907 297 948 367 τά
980 297 1069 369 αῦτδι
1098 327 1184 371 κατε

169 405 358 475 σκευάσθω.
394 402 518 492 ὁμοίως
542 403 583 491 δὴ
608 408 760 492 δείξομεν
783 418 854 486 τοῖς
875 407 1053 494 πρότερον,
1080 405 1134 476 ὅτι
1155 411 1189 476 αί

169 519 246 599 ΓΖ,
271 518 337 579 ΖΔ
365 512 401 580 ἐν
424 515 470 604 τῷ
495 509 585 603 αὐτῷ
609 512 699 601 λόγῳ
730 511 794 579 είσὶ
821 524 894 593 ταῖς
915 520 998 599 ΑΕ,
1022 521 1107 600 ΕΒ,
1134 516 1186 583 καὶ

169 616 360 706 σύμμετρόν
384 619 452 686 ἐστι
474 616 513 686 τὸ
537 624 756 705 συγκείμενον
780 620 816 686 ἐκ
838 623 908 688 τών
931 617 997 688 ἀπὸ
1021 625 1095 690 τών
1113 628 1187 708 ΑΒ,

134 747 150 796 5
169 731 232 792 ΕΒ
250 722 469 812 τετραγώνων
491 729 537 817 τῷ
561 726 768 816 συγκειμένῳ
792 727 828 793 ἐκ
849 737 918 794 τῶν
939 723 1007 795 άπὸ
1025 730 1100 797 τών
1119 734 1188 815 ΓΖ,

168 838 236 898 ΖΔ
265 831 499 919 τετραγώνων,
527 828 564 899 τὸ
594 829 632 899 δὲ
658 827 724 900 ὑπὸ
744 842 820 900 τῶν
846 840 879 899 Α
885 841 929 919 Ε,
952 840 1017 901 ΕΒ
1045 838 1095 927 τῷ
1124 831 1188 903 ῦτὸ

167 941 236 1006 τών
260 944 335 1024 ΓΖ,
362 945 440 1004 ΖΔ·
476 935 560 1007 ώστε
587 943 641 1006 καί
670 942 709 1006 αἱ
728 944 805 1026 ΓΖ,
830 947 897 1007 ΖΔ
925 938 1073 1027 δυνάμει
1105 942 1189 1009 εἰσίν

168 1041 374 1133 ἀσύμμετροι
398 1048 557 1113 ποιοῦσαι
578 1043 618 1113 τὸ
640 1044 702 1132 μὲν
726 1051 947 1133 συγκείμενον
970 1048 1008 1114 ἑκ
1031 1051 1105 1116 τών
1125 1045 1188 1116 άπὸ

167 1155 236 1219 τών
264 1156 341 1238 ΓΖ,
367 1159 433 1218 ΖΔ
463 1150 682 1240 τετραγώνων
715 1153 835 1239 μέσον,
866 1152 904 1222 τὸ
934 1148 965 1220 δ’
991 1149 1052 1220 ὑπ’
1077 1152 1191 1223 αὐτῶν

117 1280 150 1329 10
169 1257 282 1345 ῥητόν.

240 1359 285 1429 Ἡ
310 1368 372 1430 ΓΔ
399 1362 465 1450 ἄρα
492 1363 572 1450 μετὰ
602 1366 707 1452 ῥητοῦ
735 1364 840 1450 μέσον
867 1363 904 1432 τὸ
934 1362 1018 1434 ὅλον
1042 1366 1191 1436 ποιοῦσά

168 1469 272 1536 ἐστιν·
302 1467 383 1557 ὅπερ
403 1473 471 1538 ἔδει
495 1471 608 1551 δείξαι.

648 1645 707 1731 ιζ’.

238 1767 284 1836 Ἡ
306 1781 350 1858 τῇ
379 1767 472 1857 μετὰ
500 1770 622 1857 με’σου
653 1771 778 1856 μέσον
808 1768 851 1839 τὸ
884 1769 978 1840 ὅλον
1013 1774 1190 1864 ποιούσῃ

115 1903 150 1952 15
169 1875 396 1964 σύμμετρος
417 1877 482 1943 καὶ
506 1872 604 1962 αῦτὴ
628 1874 722 1963 μετά
746 1877 868 1963 με’σου
887 1878 1010 1965 μέσον
1027 1879 1074 1947 τὸ
1098 1879 1191 1950 ὅλον

168 1983 342 2053 ποιοῦσά
367 1985 485 2053 ἐστιν.

236 2091 346 2160 Ἔστω
369 2093 450 2178 μετὰ
471 2092 576 2177 μέσου
598 2090 703 2176 μέσον
726 2087 765 2157 τὸ
789 2087 870 2158 ὅλον
893 2093 1039 2159 ποιοῦσα
1067 2088 1091 2179 ἡ
1116 2100 1192 2179 ΑΒ,

168 2199 224 2266 καὶ
247 2202 286 2286 τῇ
313 2204 379 2265 AB
407 2202 490 2265 ἔστω
514 2200 700 2285 σύμμετρος
722 2193 742 2285 ἡ
768 2201 844 2263 ΓΔ·
881 2198 981 2284 λέγω,
1011 2193 1067 2265 ὅτι
1091 2198 1192 2286 καὶὴ

171 2309 232 2372 ΓΛ
256 2302 337 2391 μετὰ
360 2304 464 2390 μέσον
488 2305 591 2390 μέσον
614 2299 651 2370 τὸ
677 2301 758 2370 ὅλον
781 2305 926 2371 ποιοῦσά
948 2305 1049 2372 ἐστιν.

112 2435 153 2485 '20
239 2408 348 2478 Ἔστω
371 2410 437 2499 γὰρ
460 2413 499 2499 τῇ
524 2417 589 2476 ΑΒ
612 2410 891 2497 προσαρμόζουσα
914 2406 935 2496 ἡ
958 2416 1040 2496 ΒΕ,
1072 2411 1195 2480 καὶτὰ

171 2513 255 2581 αὐτὰ
279 2515 549 2584 κατεσκευάσθω·
588 2519 625 2582 αί
645 2523 726 2602 ΑΕ,
750 2522 813 2584 ΕΒ
841 2513 907 2604 άρα
930 2513 1076 2602 δυνάμει
1105 2519 1195 2587 είσὶν

171 2618 378 2707 ἀσύμμετροι
401 2627 559 2690 ποιοῦσαι
586 2620 624 2690 τό
648 2646 684 2690 τε
710 2627 930 2709 συγκείμενον
964 2623 999 2689 ἐκ
1030 2632 1104 2691 τῶν
1133 2622 1194 2693 ἀπ’

172 2724 286 2794 αῦτών
317 2726 536 2816 τετραγώνων
567 2727 672 2814 μέσον
704 2726 831 2796 καὶ·τό
860 2723 917 2795 ὑπ’
945 2726 1059 2796 αὐτῶν
1089 2731 1196 2817 μέσον

171 2833 228 2901 καί
252 2839 300 2902 ἔτι
322 2831 536 2921 άσῦμμετρον
559 2860 596 2902 το
618 2838 837 2920 συγκείμενον
857 2836 893 2901 ἐκ
910 2836 979 2901 τών
998 2829 1058 2900 ἄντ’
1080 2834 1196 2906 αὐτῶν

119 2967 154 3017 25
172 2939 392 3029 τετραγώνων
419 2942 466 3032 τῷ
494 2936 555 3007 ὑπ’
582 2935 703 3007 αῦτῦν.
748 2945 808 3007 καί
835 2943 935 3026 είσιυ,
968 2936 1013 3019 ὡς
1042 2941 1194 3032 ἐδείχθη,

174 3049 212 3113 αί
232 3053 309 3132 ΑΕ,
335 3053 397 3115 ΕΒ
422 3046 603 3134 σύμμετροι
625 3059 697 3125 ταῖς
719 3051 793 3132 ΓΖ,
816 3053 898 3132 ΖΔ,
920 3043 1039 3115 καὶτὸ
1064 3055 1194 3136 συγκεί-

174 3177 276 3238 μενον
300 3154 335 3219 ἐκ
358 3156 425 3220 τῶν
448 3149 514 3220 άτὲ
539 3155 607 3221 τών
625 3159 704 3239 ΑΕ,
724 3158 786 3219 ΕΒ
808 3150 1029 3241 τετραγώνων
1047 3158 1096 3248 τῷ
1116 3176 1193 3245 συγ-

245 3369 270 3419 3.
293 3364 349 3437 τῷ]
375 3380 478 3420 ecorr.
499 3363 532 3420 V.
606 3362 677 3419 είσίν
700 3364 730 3418 Β.
803 3371 829 3420 4.
853 3360 903 3437 τῦ]
928 3363 960 3421 τὸ
979 3364 1033 3437 μέν
1051 3367 1115 3438 Bb,
1144 3369 1194 3442 μέν

175 3451 330 3505 suprascr.
350 3453 387 3491 m.
407 3441 422 3490 2
441 3433 471 3490 F.
535 3439 560 3490 5.
579 3435 635 3489 τών
655 3441 706 3491 ΓΖ
724 3467 760 3477 -
780 3442 804 3493 6.
824 3436 894 3508 ΕΒ]
913 3454 941 3490 m
963 3477 969 3491 .
988 3456 1026 3493 m.
1045 3444 1063 3494 2
1084 3441 1107 3495 B
1140 3442 1193 3497 τών

175 3510 237 3575 ΑΕ,
257 3508 309 3561 ΕΒ
330 3506 416 3563 etiam
435 3505 466 3561 in
482 3507 562 3562 textu
581 3510 647 3563 sunt
667 3525 684 3563 a
701 3526 738 3561 m.
759 3511 794 3578 1).
858 3514 882 3564 6.
902 3503 932 3563 δ’
943 3455 1000 3564 ῦἸ).
1059 3516 1102 3569 12.
1123 3444 1192 3585 δτερ
