2474 3908
135 164 178 230 88
521 165 725 219 ΣΤΟΙΧΕΙΩΝ
743 161 771 220 ι’.

135 303 218 376 οὐδὲ
240 305 278 375 τὸ
303 305 368 375 άπὸ
392 310 451 394 τῆς
468 312 535 375 BA
554 305 621 395 άρα
643 304 728 395 πρὸς
750 304 788 374 τὸ
807 304 873 374 άπὸ
893 309 951 393 τῆς
969 313 1034 372 AZ
1053 305 1158 392 λόγον

135 417 217 501 ἔχει,
242 411 284 482 ὃν
306 412 514 502 τετράγωνος
537 411 683 502 ἀριθμὸς
710 416 794 502 πρὸς
818 411 1031 501 τετράγωνον
1060 410 1159 500 ἀριθ-

135 506 228 607 μάν·Ι
246 515 455 607 άσάμμετρος
483 517 549 608 άρα
576 519 667 587 ἐστὶν
690 516 711 605 ή
735 526 801 586 AB
824 522 864 607 τῇ
887 525 953 586 AZ
978 517 1089 605 μήκει·
1122 522 1160 586 αἱ

136 631 214 710 ΒΑ,
243 633 309 692 AZ
341 623 406 712 άρα
438 628 540 715 ῥηταί
566 629 632 693 εἰσι
660 624 803 711 δυνάμει
830 623 938 710 μόνον
967 623 1159 713 σύμμετροι.

102 732 194 805 εκιά
226 733 299 799 ἐκεί
329 734 448 817 [ἐστιν]
483 729 527 812 ὡς
551 731 569 800 ὁ
595 737 664 799 ΔΓ
686 729 770 819 πρὸς
796 729 858 799 τὸν
880 736 959 816 ΓΕ,
990 729 1097 810 οὕτως
1120 732 1159 799 τὸ

137 835 203 906 άτιὸ
226 842 285 925 τῆς
303 846 371 906 BA
389 837 473 927 πρὸς
495 837 533 908 τὸ
558 835 623 907 άτιὸ
648 842 707 925 τῆς
724 846 801 923 ΑΖ,
825 835 1073 926 ἀναστρέψαντι
1092 836 1159 926 άρα

138 941 184 1022 ὡς
207 940 225 1011 ὁ
250 949 316 1011 ΓΔ
338 943 421 1032 πρὸς
444 941 504 1012 τὸν
528 952 607 1028 ΔΕ,
631 941 740 1024 οὕτως
762 941 799 1012 τὸ
824 941 889 1011 άπὸ
914 947 973 1030 τῆς
990 951 1056 1011 AB
1075 943 1160 1032 πρὸς

53 1111 57 1118 ,
136 1051 175 1118 τὸ
198 1046 264 1117 άτιὸ
288 1053 347 1136 τής
369 1057 440 1118 BZ.
487 1047 567 1118 ὅδὲ
585 1055 653 1117 ΓΔ
671 1051 755 1138 πρὸς
781 1051 840 1118 τὸν
861 1056 931 1117 ΔΕ
952 1049 1055 1135 λόγον
1082 1054 1161 1136 ἔχει,

138 1152 180 1224 ὃν
211 1154 421 1243 τετράγωνος
452 1153 599 1244 ἀριθμὸς
630 1154 715 1245 πρὸς
746 1155 959 1244 τετράγωνον
996 1153 1160 1242 ἀριθμόν·

85 1289 119 1339 10
138 1262 194 1329 καὶ
217 1263 254 1330 τὸ
277 1261 343 1330 άπὸ
366 1266 426 1350 τής
448 1269 514 1329 AB
538 1261 604 1351 άρα
631 1261 716 1351 πρὸς
738 1262 776 1331 τὰ
800 1261 865 1331 άτιὸ
889 1267 948 1348 τῆς
970 1269 1032 1329 ΒΖ
1055 1261 1160 1350 λόγον

139 1373 215 1456 ἔχει,
235 1366 276 1437 ὃν
290 1354 498 1457 τετράγωνος
511 1366 658 1456 ἀριθμὸς
671 1367 755 1457 πρὸς
768 1368 979 1457 τετράγωνον
994 1366 1161 1457 ἀριθμόν·

142 1474 329 1563 σύμμετρος
357 1473 422 1562 άρα
453 1474 543 1543 ἐστὶν
565 1472 586 1561 ή
610 1482 685 1542 AB'
703 1479 743 1566 τή
768 1483 830 1543 BZ
858 1475 962 1563 μήκει.
1008 1481 1068 1543 καί
1093 1478 1162 1544 ἐστι

138 1579 177 1649 τὸ
200 1579 266 1649 άπὸ
289 1591 348 1668 τῆς
371 1588 437 1649 AB
466 1589 543 1650 ἴσον
569 1595 639 1660 τοῖς
661 1580 727 1650 άπὸ
750 1587 819 1651 τῶν
842 1590 918 1673 AZ²
938 1589 1013 1650 ΖΒ·
1049 1580 1070 1668 ή
1095 1590 1161 1650 AB

140 1686 206 1775 άρα
229 1692 288 1775 της
310 1694 376 1756 AZ
398 1694 511 1776 μεῖζον
535 1687 677 1757 δύναται
699 1692 739 1778 τή
763 1697 826 1757 ΒΖ
849 1689 1025 1781 συμμέτρῳ
1050 1690 1161 1779 ἑαυτῇ.

87 1820 121 1870 15
209 1791 380 1882 Εὕρηνται
403 1792 469 1882 άρα
489 1793 551 1862 δύο
571 1794 669 1883 ῥηταὶ
689 1793 831 1882 δυνάμει
849 1793 958 1882 μόνον
978 1793 1161 1884 σύμμετροι

141 1901 180 1967 αἱ
200 1907 278 1986 ΒΑ,
296 1908 329 1967 A
335 1908 373 1987 Z,
398 1898 481 1969 ὥστε
502 1898 565 1988 τήν
583 1907 718 1989 μείζονα
733 1899 796 1989 τήν
815 1908 880 1968 AB
898 1904 956 1988 τῆς
979 1900 1163 1982 ἐλάσσονος

140 2008 200 2094 τής
222 2012 291 2073 ΑΖ
313 2012 425 2094 μεῖζον
448 2005 621 2076 δύνασθαι
643 2012 689 2100 τῷ
713 2006 779 2077 άπὸ
802 2017 861 2094 τής
884 2014 948 2075 ΒΖ
970 2008 1164 2096 συμμέτρου

143 2112 244 2202 ἑαυτῇ
268 2112 378 2200 μήκει·
402 2111 482 2203 ὅπερ
506 2118 574 2183 ἔδει
598 2116 714 2196 δεῖξαι.

632 2290 672 2361 λ’.

90 2440 126 2490 20
212 2411 360 2502 Εὑρεῖν
391 2412 468 2482 ’δύο
503 2415 623 2502 ῥητὰς
657 2413 825 2503 δυνάμει
860 2410 988 2502 μόνονΙ
1019 2419 1162 2504 συμμέ-

140 2543 276 2605 τρους,
296 2516 394 2588 ὥστε
412 2522 484 2607 τήν
503 2525 668 2609 μείζονα
691 2524 759 2608 τής
783 2520 1005 2602 ἐλάσσονος
1027 2528 1164 2610 μεῖζον

143 2623 348 2693 δύνασθαι
370 2629 420 2719 τῷ
445 2624 521 2695 άτιὸ
549 2624 806 2715 ἀσυμμέτρου
829 2627 954 2717 ἑαυτῇ,
971 2626 1095 2715 μήκει.

209 2729 390 2800 Ἐκκείσθω
414 2734 498 2821 ῥητή
517 2729 538 2819 ή
558 2739 624 2800 ΑΒ
642 2733 698 2800 καὶ
718 2734 781 2801 δύο
799 2735 1003 2819 τετράγωνοι
1021 2731 1165 2823 ἀριθμοὶ

144 2839 179 2905 oc
199 2843 273 2925 ΓΕ,
292 2845 370 2925 ΕΔ,
396 2836 480 2907 ὥστε
502 2841 562 2907 τὸν
586 2844 806 2926 συγκείμενον
825 2840 858 2920 ἐξ
882 2837 995 2908 αὐτῶν
1017 2843 1077 2909 τὸν
1100 2847 1165 2909 ΓΔ

91 2973 125 3024 25
145 2947 190 3032 μή
216 2941 303 3013 εἶναι
325 2944 552 3034 τετράγωνον,Ι
571 2946 627 3014 καὶ
650 2944 836 3034 γεγράφθω
856 2945 909 3014 ἐπὶ
928 2950 986 3033 τῆς
1004 2955 1070 3015 AB
1089 2945 1165 3036 ήμι-

219 3129 242 3176 1.
263 3128 312 3176 ΑΒ
332 3123 362 3177 F.
422 3118 666 3195 Bqoehupraser.
685 3142 721 3179 m.
742 3129 757 3178 1
776 3125 807 3179 P.
878 3124 944 3196 AZ]
966 3129 1109 3182 Zeoorr.
1129 3125 1164 3181 V.

181 3194 325 3247 εοκΡ.
398 3199 424 3249 4.
444 3199 503 3262 ΑΒ,
522 3193 677 3262 ΑτΒνος
698 3199 755 3261 ΑΖ,
775 3199 824 3249 AB
843 3193 872 3251 F.
941 3193 1063 3252 ειιιιΒ.
1138 3201 1163 3251 ⁵.

146 3258 236 3334 ἔστιν]
255 3280 310 3318 om.
328 3264 359 3318 P.
420 3260 485 3336 τόν]
504 3268 573 3320 mut.
592 3263 623 3319 in
640 3262 672 3319 τό
690 3284 726 3320 m.
747 3271 763 3320 2
782 3264 812 3321 F.
886 3272 927 3321 10.
947 3268 997 3321 καὶ
1014 3264 1047 3322 τό
1066 3298 1100 3308 -
1121 3273 1164 3322 11.

143 3328 287 3404 άριυμόν]
305 3352 361 3404 mg.
375 3353 412 3390 m.
429 3341 443 3388 1
458 3336 480 3390 F
495 3338 616 3405 (partem
630 3335 748 3390 abstulit
761 3337 903 3406 reparatio
917 3341 1064 3408 pergam).
1121 3344 1164 3393 12.

144 3417 285 3509 σάάετρος
301 3440 331 3495 Ρ.
389 3436 465 3497 ἔστιν
484 3440 515 3496 Ρ.
581 3447 623 3496 14.
643 3437 729 3515 ἑαυτῇ
750 3439 835 3512 μήκει
853 3443 886 3498 V.
963 3450 1004 3500 15.
1024 3439 1165 3515 ηὕρηνται

65 3494 200 3656 ἿῚ).
275 3517 317 3568 17.
337 3514 453 3584 μείζονα
470 3512 502 3571 P.
575 3516 623 3569 ΖΒ
641 3512 697 3570 Bb.
759 3512 906 3588 συμμέτρῳ
925 3514 957 3572 Ε.
1031 3520 1072 3571 18.
1092 3510 1165 3587 ὅπερ
