2474 3908
163 184 230 249 314
550 181 751 237 molum
769 177 798 235 ι’.

219 326 329 395 Ἔστω
353 327 455 412 μέσης
477 322 628 411 άποτομή
657 325 796 411 δευτέρα
824 321 845 410 ἡ
869 331 949 410 ΑΒ,
978 322 1063 410 ῥητή
1096 323 1135 391 δὲ
1164 320 1184 410 ή

164 441 241 520 ΓΛ,
269 433 394 524 καὶτῷ
419 428 483 499 άπο
506 434 565 517 τής
587 437 653 498 ΑΒ
681 438 757 498 ἴσον
785 433 874 517 παρὰ
897 427 959 517 τήν
982 436 1050 498 ΓΔ
1079 453 1185 518 παρα-

164 539 343 627 βεβλήσθω
367 537 404 607 τὸ
427 545 492 607 ΓΕ
512 535 636 617 πλάτος
658 542 780 606 ποιοῦν
804 540 867 624 τήν
891 543 963 605 ΓΖ·
1001 538 1106 624 λέγω,
1133 536 1186 607 ὅτι

163 645 184 734 ή
210 653 269 715 ΓΖ
293 643 443 732 ἀποτομή
468 647 537 712 ἐστι
560 649 662 734 τρίτη.

129 781 145 830 5
199 753 308 822 Ἔστω
332 756 397 841 γὰρ
419 756 459 842 τῇ
483 759 548 819 AB
571 751 850 839 προσαρμόζουσα
878 749 899 838 ή
927 758 1009 819 BH·
1052 755 1092 819 αἱ
1117 751 1185 841 ἄρα

164 867 248 942 ΑΗ,
272 867 341 927 ΗΒ
365 860 462 945 μέσαι
485 858 550 926 εἰσὶ
574 856 715 943 δυνάμει
738 856 847 943 μόνον
871 856 1053 943 σύμμετροι
1078 860 1185 945 μέσον

165 967 388 1056 περιέχουσαι.
420 966 479 1053 ,καὶ
501 953 547 1056 τῷ
571 963 633 1051 μὲν
656 961 722 1031 ἀπὸ
746 967 806 1050 τής
823 970 901 1031 ΑΗ
914 971 991 1031 ἴσον
1008 968 1102 1052 παρὰ
1121 969 1185 1051 τήν

133 1128 137 1143 ,
165 1079 232 1141 ΓΛ
259 1070 528 1159 παραβεβλήσθω
557 1071 595 1137 τὸ
624 1076 686 1137 ΓΘ
713 1069 837 1149 πλάτος
864 1074 987 1138 ποιοῦν
1014 1073 1079 1157 τήν
1108 1077 1185 1158 ΓΚ,

164 1183 209 1271 τῷ
230 1178 267 1246 δὲ
285 1176 352 1246 άπὸ
371 1181 430 1263 της
448 1182 521 1246 ΒΗ
540 1184 616 1244 ἴσον
635 1175 725 1263 παρὰ
744 1179 807 1263 τήν
826 1183 893 1243 ΚΘ
909 1176 1184 1266 παραβεβλήσθω

112 1311 146 1360 10
164 1287 202 1354 τὸ
222 1292 256 1352 K
260 1291 291 1351 Λ
309 1283 433 1364 πλάτος
451 1286 574 1351 ποιοῦν
592 1280 653 1369 τήν
674 1288 762 1350 ΚΜ·
787 1280 868 1350 ὅλον
887 1282 954 1370 άρα
971 1285 1010 1351 τὸ
1025 1288 1087 1350 ΓΛ
1106 1292 1184 1352 ἴσον

165 1391 233 1459 ἐστὶ
257 1404 327 1468 τοῖς
350 1386 416 1457 άπὸ
443 1393 512 1458 τῶν
535 1394 622 1474 ΑΗ,
645 1392 714 1455 ΗΒ
744 1393 815 1471 [καί
840 1390 909 1456 ἐστι
936 1390 1021 1475 μέσα
1048 1391 1089 1457 τά
1118 1389 1183 1458 άπὸ

164 1501 231 1564 τῶν
245 1505 278 1563 Α
283 1502 328 1580 Η,
342 1503 377 1562 Η
382 1501 438 1578 Β]·
462 1495 564 1581 μέσον
583 1493 649 1581 ἄρα
668 1492 780 1562 καὶτὸ
799 1500 867 1562 ΓΛ.
894 1494 949 1562 καὶ
967 1493 1060 1582 παρά
1078 1494 1184 1584 ῥητήν

164 1605 227 1688 τήν
250 1607 312 1669 ΓΛ
334 1601 583 1687 παραβέβληται
605 1601 729 1682 πλάτος
752 1605 874 1670 ποιοῦν
897 1601 959 1688 τήν
983 1608 1069 1670 ΓΜ·
1098 1605 1183 1691 ῥητή

165 1706 232 1792 άρα
256 1707 346 1775 ἐστὶν
369 1705 390 1793 ἡ
415 1712 491 1774 ΓΜ
509 1706 565 1774 καὶ
589 1703 797 1796 ἀσύμμετρος
821 1712 862 1797 τῇ
884 1714 952 1776 ΓΛ
975 1707 1082 1795 μήκει.
1128 1710 1184 1777 καὶ

112 1841 145 1890 15
165 1814 236 1881 ἐπεὶ
258 1811 340 1882 ὅλον
363 1811 400 1881 τὸ
424 1818 488 1880 ΓΛ
517 1822 592 1883 ἴσον
620 1814 689 1881 ἐστὶ
712 1827 782 1894 τοῖς
806 1812 871 1882 άπὸ
894 1819 964 1883 τῶν
987 1821 1076 1902 ΑΗ,
1100 1819 1144 1884 H
1145 1824 1183 1902 B,

165 1911 213 1989 ὦν
235 1918 273 1988 τὸ
298 1926 365 1988 ΓΕ
386 1928 462 1989 ἴσον
486 1920 555 1988 ἐστὶ
578 1924 624 2013 τῷ
648 1918 714 1988 άπὸ
736 1924 796 2006 τής
814 1928 891 2006 ΑΒ,
913 1919 1033 1989 λοιπὸν
1057 1919 1126 2009 άρα
1147 1927 1183 1992 τὸ

164 2035 228 2094 ΛΖ
252 2036 328 2096 ἴσον
351 2028 421 2096 ἐστὶ
443 2031 490 2119 τῷ
513 2028 565 2107 ἃλς
588 2024 654 2096 ὑπὸ
685 2031 754 2095 τῶν
776 2034 859 2114 ΑΗ,
881 2035 959 2096 ΗΒ.
1005 2028 1184 2116 τετμήσθω

164 2126 263 2220 οὖνή
280 2141 357 2201 ΖΜ
372 2138 448 2221 δίχα
466 2133 601 2203 κατὰτὸ
616 2141 655 2201 Ν
669 2147 819 2220 σημεῖον,
843 2134 899 2201 καὶ
919 2139 1036 2223 τήΓΛ
1055 2136 1185 2223 παράλ-

164 2247 264 2326 ληλος
286 2239 382 2327 ήχθω
408 2237 427 2327 ή
451 2244 532 2317 ΝΞ·
555 2239 713 2327 ἑκάτερον
737 2238 801 2328 ἄρα
825 2243 893 2308 τῶν
918 2243 987 2326 ΖΞ,
1010 2248 1049 2308 Ν
1051 2250 1083 2309 Λ
1108 2251 1186 2312 ἴσον

110 2372 146 2422 20
165 2347 233 2414 ἐστὶ
262 2350 308 2438 τῷ
337 2344 403 2414 ὑπὸ
437 2351 505 2414 τῶν
534 2353 622 2433 ΑΗ,
645 2354 723 2415 ΗΒ.
770 2347 873 2432 μέσον
903 2346 941 2415 δὲ
963 2346 1000 2416 τὸ
1023 2345 1090 2416 ὑπὸ
1116 2354 1186 2418 τῶν

164 2458 247 2539 ΑΗ,
261 2459 343 2520 ΗΒ·
367 2454 471 2539 μέσον
490 2451 556 2540 άρα
575 2453 644 2521 ἐστὶ
662 2453 718 2520 καὶ
736 2451 774 2520 τά
789 2460 863 2523 ΖΛ.
890 2454 945 2521 καὶ
965 2453 1055 2541 παρὰ
1077 2453 1186 2543 ῥητήν

164 2557 227 2644 τήν
254 2565 316 2625 ΕΖ
343 2557 539 2645 παράκειται
568 2557 691 2638 πλάτος
723 2571 846 2628 ποιοῦν
877 2558 941 2647 τήν
970 2568 1055 2629 ΖΜ·
1098 2563 1185 2650 ῥητή

164 2661 230 2749 άρα
260 2662 315 2729 καὶ
344 2661 365 2749 ή
393 2669 471 2731 ΖΜ
497 2664 553 2731 καὶ
586 2661 795 2753 ἀσύμμετρος
821 2677 861 2754 τῇ
885 2672 947 2734 ΓΔ
974 2666 1080 2754 μήκει.
1128 2670 1186 2736 καὶ

165 2770 233 2837 ἐπεὶ
254 2771 291 2836 αἱ
307 2775 390 2856 ΑΗ,
405 2776 473 2836 ΗΒ
493 2767 635 2855 δυνάμει
655 2769 763 2857 μόνον
781 2771 845 2839 εἰσὶ
865 2771 1057 2859 σύμμετροι,
1077 2771 1186 2861 άσύμ-

112 2904 147 2953 25
166 2903 285 2966 μετρος
307 2874 373 2966 άρα
398 2878 493 2962 [ἐστὶ]
518 2876 614 2965 μήκει
641 2875 662 2965 ή
685 2886 761 2946 ΑΗ
785 2883 824 2968 τή
849 2885 930 2946 ΗΒ·
967 2876 1185 2968 ἀσύμμετρον

165 2983 231 3072 άρα
255 2984 323 3054 ἐστὶ
346 2985 401 3053 καὶ
424 2988 462 3054 τὸ
486 2982 552 3053 άπὸ
576 2988 635 3072 τῆς
657 2991 734 3052 ΑΗ
752 2989 797 3078 τῷ
821 2983 887 3054 ὑπὸ
906 2989 974 3053 τῶν
997 2992 1080 3071 ΑΗ,
1104 2994 1185 3056 ΗΒ.

165 3090 249 3160 ἀλλὰ
272 3096 317 3183 τῷ
343 3092 403 3179 μὲν
426 3091 491 3161 άπὸ
516 3097 574 3180 τής
593 3099 668 3159 ΑΗ
688 3091 857 3180 σύμμετρά
881 3092 1008 3160 ἐστιτὰ
1029 3090 1094 3161 ἀπὸ
1115 3099 1186 3164 τῶν

238 3327 261 3374 1.
290 3319 359 3391 μέση
387 3322 449 3375 BV.
533 3319 669 3394 δευτέρα]
698 3323 727 3378 in
751 3340 805 3379 ras.
833 3322 866 3380 V.
947 3329 972 3381 4.
1000 3325 1080 3394 τρίτη
1105 3321 1184 3381 ἐστίν

165 3391 280 3446 BFVb.
354 3397 378 3447 9,
398 3393 467 3463 ΚΘ]
489 3407 558 3447 corr.
583 3410 616 3448 ex
636 3396 692 3449 ΓΘ
709 3395 744 3450 V.
819 3400 859 3449 10.
879 3395 959 3465 ΚΜ]
979 3410 1048 3449 corr.
1069 3411 1104 3449 ex
1130 3401 1186 3451 ΚΔ

166 3481 202 3518 m.
224 3469 238 3517 1
258 3462 288 3518 F.
363 3464 429 3536 ΓΛ]
454 3480 523 3518 corr.
544 3478 578 3517 ex
600 3469 656 3518 ΚΛ
679 3466 713 3520 V.
787 3471 830 3520 11.
849 3467 901 3519 καί
918 3496 951 3506 ·-
971 3471 1012 3520 12.
1034 3466 1106 3537 ΗΒ]
1130 3485 1184 3524 om.

165 3534 252 3604 Fvb,
272 3553 307 3589 m.
324 3533 386 3591 213.
443 3540 485 3588 13.
505 3531 589 3604 βητόν
608 3535 638 3592 Ρ.
696 3543 737 3592 17.
756 3537 819 3607 ΛΖ]
841 3552 959 3593 cortex
979 3540 1028 3590 ΖΛ
1046 3535 1082 3594 V.
1141 3545 1183 3595 21.
