2474 3908
173 173 216 238 80
557 164 758 229 Σνουοαεεα
777 172 803 229 ι’.

172 315 193 405 ή
215 326 248 385 A
266 342 349 407 προς
367 343 431 404 την
450 324 488 404 Ε,
511 317 566 384 καὶ
586 321 624 384 αί
640 325 684 402 A,
704 325 735 384 Ε
751 315 817 405 άρα
837 315 979 403 δυνάμει
998 315 1106 403 μόνον
1125 317 1190 384 είσὶ

174 528 240 616 άρα
267 532 364 616 μέσαι
393 531 457 598 είσὶ
486 529 629 617 δυνάμει
658 529 767 616 μόνον
795 528 986 616 σύμμετροι.
1026 531 1112 615 λέγω
1137 530 1192 617 δή,

174 633 225 703 ὅτι
252 635 308 701 καὶ
336 636 440 722 μέσον
468 638 689 723 περιέχουσιν.
731 635 800 703 ἐπεὶ
832 635 897 722 γάρ
932 639 1021 704 ἐστιν
1050 632 1095 714 ώς
1117 633 1138 722 ή
1164 644 1193 704 Β

141 739 259 826 επρὸς
282 743 343 827 τήν
367 747 410 827 Γ,
433 739 454 828 ή
479 750 512 809 A
535 744 617 828 πρὸς
639 740 703 829 τήν
726 749 769 826 Ε,
799 742 938 823 ἐναλλάξ
961 739 1027 828 άρα
1051 739 1096 821 ώς
1119 739 1140 829 ή
1163 750 1192 810 Β

175 850 258 934 πρὸς
285 849 347 936 τήν
370 856 414 933 A,
437 847 458 936 ή
483 855 514 916 Γ
533 851 616 936 πρὸς
638 851 700 936 τήν
723 857 761 918 Ε.
807 847 852 929 ὡς
875 848 912 917 δὲ
934 847 955 936 ή
975 856 1004 916 Β
1027 850 1110 935 πρὸς
1130 851 1193 936 τήν

175 962 217 1041 A,
241 952 261 1041 ή
286 962 319 1020 A
341 956 423 1044 πρὸς
445 956 506 1043 τήν
530 964 575 1022 A·
607 955 662 1022 καὶ
691 953 736 1035 ὡς
763 953 830 1043 άρα
855 954 876 1042 ή
898 964 932 1023 A
954 957 1037 1042 πρὸς
1063 956 1124 1043 τήν
1148 966 1192 1041 A,

174 1058 246 1146 ήΓ
264 1062 345 1148 πρὸς
367 1062 428 1149 τήν
447 1069 489 1128 Ε·
521 1062 559 1129 τὸ
581 1060 647 1148 άρα
669 1060 735 1130 ὑπὸ
756 1065 825 1131 τών
848 1070 891 1146 A,
910 1068 942 1130 Γ
961 1071 1038 1129 ίσον
1056 1062 1125 1129 ἐστὶ
1146 1065 1193 1153 τῷ
1218 1136 1221 1143 ,

174 1163 240 1236 ὑπὸ
271 1170 339 1236 τών
364 1176 407 1252 Δ,
427 1174 465 1236 Ε.
511 1170 615 1254 μέσον
643 1167 681 1236 δέ
703 1169 740 1236 τὸ
763 1165 829 1236 ὑπὸ
850 1178 919 1236 τῶν
942 1176 984 1253 A,
1004 1174 1045 1236 Γ·
1087 1169 1195 1255 μέσον

122 1299 155 1347 10
175 1272 241 1360 άρα
264 1275 320 1342 καὶ
343 1275 380 1343 τὸ
402 1273 468 1342 ὑπὸ
491 1277 558 1342 τών
583 1282 626 1358 A,
647 1282 683 1343 Ε.

241 1378 413 1467 Εὕρηνται
437 1379 503 1469 άρα
526 1382 623 1467 μέσαι
647 1380 790 1468 δυνάμει
809 1381 917 1468 μόνον
935 1381 1116 1468 σύμμετροι
1138 1383 1196 1468 μέ-

174 1508 236 1554 σον
258 1489 483 1575 περιέχουσαι·
508 1485 588 1575 ὅπερ
612 1491 680 1555 ἔδει
704 1489 816 1569 δεῖξαι.

607 1703 758 1787 Λήμμα.

241 1820 367 1910 Εὑρεῖν
397 1821 460 1891 δύο
483 1822 712 1912 τετραγώνους
740 1822 923 1910 άριθμοάς,
948 1821 1032 1893 ώστε
1055 1824 1111 1892 καὶ
1136 1826 1198 1893 τὸν

124 1951 155 2000 15
175 1935 395 2017 συγκείμενον
418 1931 452 2011 ἐξ
475 1928 588 1999 αὐτῶν
611 1927 699 1999 εἶναι
722 1930 943 2019 τετράγωνον.

240 2036 488 2106 Ἐκκείσθωσαν
522 2037 585 2106 δύο
615 2036 755 2125 άριθμοὶ
785 2041 819 2105 οί
840 2045 916 2125 AB,
940 2045 1017 2123 ΒΓ,
1045 2042 1198 2105 έστιοσαν

174 2145 211 2212 δέ
238 2143 313 2232 ήτοι
336 2143 446 2232 άρτιοι
474 2140 494 2232 ή
522 2150 677 2232 περιττοί.
722 2144 777 2213 καὶ
802 2146 881 2230 ἐπεί,
908 2146 967 2214 ἐάν
988 2172 1023 2215 τε
1046 2142 1197 2230 άπδάρ

173 2256 247 2318 τίου
270 2250 384 2338 άρτιος
407 2248 590 2340 ἀφαιρεθῇ,
622 2253 738 2318 ἐάντε
761 2249 826 2319 άπὸ
845 2255 1008 2340 περισσοῦ
1025 2253 1197 2340 περισσός,

176 2355 193 2423 ὁ
222 2359 336 2438 λοιπὸς
365 2355 479 2446 άρτιός
511 2359 616 2443 ἐστιν,
650 2355 667 2425 ὁ
696 2358 811 2438 λοιπὸς
843 2355 908 2445 άρα
937 2356 955 2426 ὁ
984 2364 1056 2426 ΑΓ
1081 2356 1198 2445 άρτιός

122 2484 156 2532 ‘20
176 2465 275 2530 ἐστιν.
328 2462 502 2550 τετμήσθω
536 2461 647 2530 ὁΑΓ
671 2467 747 2551 δίχα
778 2461 861 2530 κατὰ
887 2461 926 2532 τὸ
956 2472 996 2531 Δ.
1037 2461 1198 2532 ’ἔστωσαν

177 2567 214 2636 δὲ
232 2565 287 2635 καὶ
307 2572 342 2636 οί
358 2576 434 2654 AB,
453 2575 520 2637 ΒΓ
538 2568 612 2656 ήτοι
632 2567 742 2656 ὅμοιοι
762 2571 911 2637 ἐπίπεδοι
934 2565 955 2655 ή
978 2569 1197 2659 τετράγωνοι,

176 2680 212 2742 οἳ
232 2675 286 2741 καὶ
311 2671 407 2742 αὐτοὶ
432 2673 546 2762 ὅμοιοί
562 2679 648 2744 είσιν
666 2677 827 2744 ἐπίπεδοι·
851 2672 869 2744 ὁ
890 2673 955 2764 άρα
975 2679 1095 2744 ἐκτῶν
1115 2684 1197 2764 AB,

174 2786 241 2848 ΒΓ
260 2779 340 2868 μετά
363 2785 424 2850 τοῦ
447 2781 512 2851 άπὸ
537 2786 624 2866 [τοῦ]
644 2788 711 2849 ΓΛ
728 2780 941 2870 τετραγώνου
964 2790 1036 2863 ίσος
1060 2784 1130 2850 ἐστὶ
1149 2786 1195 2876 τῷ

175 2886 241 2956 άπὸ
265 2892 326 2956 τοῦ
349 2896 419 2956 BA
441 2887 648 2980 τετραγώνῳ.
694 2894 753 2956 καί
781 2889 849 2956 ἐστι
883 2888 1094 2976 τετράγωνος
1116 2886 1135 2958 δ
1160 2891 1196 2958 ἐκ

124 3020 156 3068 25
175 2999 243 3064 τών
267 3002 343 3082 ΑΒ,
362 3001 435 3081 ΒΓ,
459 2994 634 3083 ἐπειδήπερ
653 2998 799 3081 ἐδείχθη,
824 2991 886 3079 ὅτι,
910 2993 971 3063 ἐὰν
995 2996 1057 3063 δύο
1082 2993 1196 3082 ὅμοιοι

176 3102 325 3167 ἐπίπεδοι
353 3101 702 3181 πολλαπλασιάσαντες
727 3097 893 3186 ἀλλήλους
916 3107 1040 3169 ποιῶσί
1059 3127 1153 3187 τινα,
1177 3098 1195 3169 ὁ

174 3204 353 3291 γενόμενος
370 3206 579 3293 τετράγωνός
597 3209 696 3275 ἐστιν.
738 3203 896 3294 εὕρηνται
914 3204 979 3293 άρα
999 3205 1063 3274 δύο
1083 3206 1194 3293 τετρά-

252 3388 286 3436 1.
305 3381 455 3453 σύμμετροι
481 3380 604 3454 δυνάμει
626 3382 717 3454 μόνον
743 3381 800 3437 είσί
825 3384 858 3439 V.
950 3384 1057 3456 μόνον]
1085 3401 1141 3440 om.
1164 3383 1194 3438 P.

210 3451 281 3506 είσίν
300 3453 329 3510 P.
385 3460 410 3508 3.
427 3452 501 3541 ρίσίν
520 3455 551 3510 P.
606 3460 629 3510 5.
651 3449 741 3539 ράτως
758 3452 776 3523 ή
793 3455 866 3510 AV.
922 3463 946 3511 6.
965 3451 983 3524 ή
1005 3452 1194 3596 Γ-χήνΔέ

178 3542 212 3580 m.
234 3525 299 3579 213.
372 3531 396 3580 6.
416 3545 453 3588 ως
473 3557 505 3566 -
527 3532 550 3581 7.
570 3532 592 3581 Α
612 3525 729 3597 (pnus)]
749 3543 807 3596 mg.
826 3544 862 3581 m.
883 3532 897 3579 1
917 3527 947 3582 F.
1022 3531 1047 3582 8.
1068 3546 1160 3591 ουτως
