2474 3908
131 114 197 178 408
548 114 736 164 ΑΡΡΕΝΒΙΧ.

613 275 664 338 27.

143 427 150 440 *
201 403 438 483 Προκείσθω
462 392 558 482 ἡμῖν
582 398 725 479 δεῖξαι,
750 393 810 462 ὅτι
835 395 894 463 ἐπὶ
918 400 996 462 τῶν
1017 421 1154 482 τετρι-

133 504 272 590 γώνων
306 502 513 590 σχημάτων
546 499 795 590 ἀσύμμετρός
827 504 934 570 ἐστιν
969 499 989 589 ἡ
1021 503 1153 589 διάμε-

134 636 223 695 τρος
246 619 289 698 τῇ
311 612 461 696 πλευρᾷ
485 608 608 695 μήκει.

193 714 302 784 Ἔστω
325 717 535 801 τετράγωνον
557 713 595 782 τὸ
614 720 759 801 ΑΒΓΔ,
784 715 959 802 διάμετρος
983 716 1022 783 δὲ
1047 712 1154 783 αὐτοῦ

99 845 115 893 5
135 820 155 908 ἡ
171 832 202 895 A
209 829 249 889 Γ·
278 824 374 909 λέγω,
400 820 451 889 ὅτι
469 819 489 907 ἡ
509 827 570 887 ΓΑ
588 819 797 910 ἀσύμμετρός
816 824 885 890 ἐστι
902 827 942 910 τῇ
958 829 1025 890 AB
1044 820 1153 909 μήκει.

201 933 246 996 Εἰ
267 930 331 1017 γὰρ
355 927 514 1012 δυνατόν,
539 932 622 994 ἔστω
646 927 843 1014 σύμμετρος·
875 930 970 1014 λέγω,
994 926 1045 996 ὅτι
1070 948 1153 1014 συμ-

135 1034 270 1121 βήσεται
289 1033 350 1101 τὸν
369 1030 474 1101 αὐτὸν
494 1030 642 1120 ἀριθμὸν
663 1031 781 1121 ἄρτιον
801 1031 960 1102 εἶναικαὶ
979 1033 1154 1121 περισσόν.

136 1141 287 1228 φανερὸν
310 1140 372 1227 μὲν
396 1131 470 1224 οὖν,
495 1137 547 1208 ὅτι
569 1139 607 1208 τὸ
631 1138 695 1208 ἀπὸ
720 1143 778 1227 τῆς
796 1146 867 1208 ΑΓ
886 1142 1065 1208 διπλάσιον
1089 1144 1154 1208 τοῦ

136 1245 201 1315 ἀπὸ
221 1252 278 1333 τῆς
297 1254 370 1314 ΑΒ.
407 1246 463 1313 καὶ
486 1247 556 1314 ἐπεὶ
575 1245 762 1333 σύμμετρός
781 1248 871 1314 ἐστιν
890 1245 910 1333 ἡ
930 1252 990 1314 ΓΑ
1012 1251 1053 1335 τῇ
1073 1253 1154 1330 ΑΒ,

85 1379 118 1427 10
136 1351 157 1439 ἡ
176 1360 237 1420 ΓΑ
259 1352 325 1439 ἄρα
348 1356 431 1437 πρὸς
453 1352 516 1440 τὴν
534 1360 600 1420 ΑΒ
620 1352 722 1439 λόγον
742 1357 819 1439 ἔχει,
843 1349 885 1420 ὃν
904 1351 1050 1440 ἀριθμὸς
1067 1353 1156 1443 πρὸς

136 1457 295 1545 ἀριθμόν.
341 1460 455 1545 ἐχέτω,
485 1455 525 1526 ὃν
549 1456 567 1525 6
591 1465 653 1526 ΕΖ
681 1458 765 1544 πρὸς
787 1466 837 1544 Η,
865 1460 920 1525 καὶ
945 1464 1097 1527 ἔστωσαν
1122 1463 1157 1528 οἱ

136 1572 210 1649 ΕΖ,
224 1571 264 1631 Η
278 1564 443 1650 ἐλάχιστοι
456 1569 524 1632 τῶν
542 1563 604 1631 τὸν
623 1561 728 1631 αὐτὸν
743 1565 846 1651 λόγον
861 1564 1007 1652 ἐχόντων
1022 1565 1155 1648 αὐτοῖς·

137 1671 200 1738 οὐκ
228 1669 294 1755 ἄρα
321 1668 427 1755 μονὰς
455 1668 546 1736 ἐστὶν
576 1667 593 1737 6
619 1677 690 1736 ΕΖ.
738 1676 769 1738 εί
795 1670 858 1757 γὰρ
887 1677 978 1739 ἔσται
1001 1673 1110 1760 μονὰς
1136 1673 1154 1741 6

39 1867 46 1875 η
138 1782 217 1859 ΕΖ,
242 1780 307 1861 ἔχει
331 1775 369 1842 δὲ
391 1775 495 1862 λόγον
519 1773 602 1861 πρὸς
624 1775 684 1844 τὸν
708 1784 757 1864 Η,
782 1774 823 1845 ὃν
847 1783 913 1865 ἔχει
935 1776 956 1865 ἡ
980 1786 1049 1846 ΑΓ
1069 1780 1157 1869 πρὸς

86 1907 118 1956 15
137 1880 198 1967 τὴν
222 1888 303 1967 ΑΒ,
326 1882 382 1948 καὶ
405 1887 524 1969 μείζων
546 1880 567 1968 ἡ
592 1888 660 1950 ΑΓ
678 1888 736 1970 τῆς
759 1890 839 1970 ΑΒ,
864 1890 985 1971 μείζων
1008 1884 1073 1974 ἄρα
1098 1887 1156 1954 καὶ

138 1987 158 2074 ἡ
182 1994 245 2055 ΕΖ
269 1991 330 2056 τοῦ
353 1996 392 2055 Η
410 1986 573 2075 ἀριθμοῦ·
598 1986 678 2075 ὅπερ
702 1987 837 2058 ἄτοπον.
871 1988 933 2059 οὐκ
956 1990 1022 2079 ἄρα
1046 1994 1157 2079 μονάς

139 2096 230 2162 ἐστιν
254 2092 271 2161 6
296 2101 372 2160 EZ·
406 2093 551 2181 ἀριθμὸς
573 2093 648 2182 ἄρα.
693 2097 749 2162 καὶ
774 2098 847 2164 ἐπεί
866 2099 957 2166 ἐστιν
981 2095 1025 2177 ὡς
1050 2096 1069 2185 ἡ
1095 2105 1158 2168 ΓΑ

138 2199 222 2297 πρὸς
244 2203 306 2287 τὴν
330 2207 406 2284 ΑΒ,
430 2199 535 2280 οὕτως
558 2199 576 2268 ὁ
600 2209 663 2269 ΕΖ
686 2200 768 2288 πρὸς
786 2206 846 2271 τὸν
870 2211 915 2288 Η,
937 2205 994 2271 καὶ
1018 2205 1064 2284 ὡς
1087 2205 1157 2293 ἄρα

139 2306 176 2373 τὸ
201 2304 266 2373 ἀπὸ
290 2309 347 2393 τῆς
369 2313 430 2373 ΓΑ
453 2306 536 2392 πρὸς
559 2304 596 2373 τὸ
624 2307 690 2375 ἀπὸ
714 2311 772 2394 τῆς
795 2316 876 2395 ΑΒ,
909 2307 1016 2390 οὕτως
1039 2309 1058 2379 6
1087 2309 1156 2381 ἀπὸ

85 2440 121 2488 20
139 2417 200 2480 τοῦ
224 2420 286 2479 ΕΖ
309 2411 392 2501 πρὸς
417 2413 478 2481 τὸν
501 2410 566 2481 ἀπὸ
589 2418 650 2481 τοῦ
674 2422 715 2482 Η.
762 2414 941 2483 διπλάσιον
965 2415 1002 2484 δὲ
1024 2416 1063 2484 τὸ
1087 2419 1157 2488 ἀπὸ

141 2522 200 2604 τῆς
222 2524 283 2586 ΓΑ
304 2523 366 2587 τοῦ
390 2519 456 2587 ἀπὸ
479 2524 537 2606 τῆς
560 2527 640 2586 ΑΒ·
665 2525 851 2589 διπλασίων
874 2521 940 2607 ἄρα
962 2522 1019 2590 καὶ
1043 2521 1061 2591 6
1087 2523 1157 2594 ἀπὸ

139 2634 200 2691 τοῦ
220 2631 282 2690 ΕΖ
306 2629 366 2691 ιοῦ
389 2624 454 2692 ἀπὸ
479 2630 540 2693 τοῦ
559 2633 606 2692 Η·
637 2624 750 2714 ἄρτιος
769 2625 833 2715 ἄρα
853 2628 944 2696 ἐστὶν
968 2628 986 2696 6
1007 2628 1159 2700 ἀπὸτοῦ

140 2736 216 2798 ΕΖ·
252 2731 335 2799 ὥστε
358 2732 413 2799 καὶ
436 2730 538 2812 αὐτὸς
561 2730 579 2799 6
604 2740 665 2799 ΕΖ
689 2731 802 2827 ἄρτιός
825 2735 924 2803 ἐστιν.
970 2741 1002 2803 εί
1023 2736 1087 2823 γὰρ
1113 2731 1159 2824 ἦν

140 2838 312 2926 περισσός,
346 2840 400 2906 καὶ
430 2836 446 2906 6
476 2836 533 2906 ἄπ’
562 2836 668 2906 αὐτοῦ
690 2838 897 2926 τετράγωνος
918 2841 1076 2929 περισσὸς
1100 2837 1159 2932 ἦν,

211 3016 287 3072 Post.
306 3035 350 3089 ιιι.
367 3023 401 3072 26
420 3016 558 3072 PBFVb.

214 3175 266 3244 (κζ’
287 3177 315 3244 b,
334 3174 379 3244 ρκ’
395 3177 430 3243 Β;
451 3171 507 3244 ρις’
524 3192 592 3232 corr.
612 3177 643 3230 in
662 3174 866 3250 (nst'nmstF.
921 3185 944 3234 1.
965 3173 1020 3250 ὅτι]
1040 3182 1160 3240 m.2B.

178 3253 202 3301 2.
223 3244 377 3317 σύμμετρος
395 3248 426 3317 Ε,
447 3263 515 3304 corr.
536 3265 572 3300 m.
592 3253 617 3301 2.
677 3252 701 3300 5.
723 3246 780 3318 ΓΑ]
802 3253 858 3303 ΑΓ
873 3249 933 3303 FV.
999 3246 1162 3321 σύμμετρος

141 3319 172 3387 F,
192 3334 261 3373 corr.
281 3335 317 3372 m.
338 3325 362 3374 2.
436 3325 459 3373 7.
479 3316 609 3386 περιττόν
629 3319 661 3373 V.
736 3324 760 3374 8.
781 3315 839 3373 ἐστι
856 3321 907 3374 τοῦ
926 3321 986 3389 Bb,
1013 3317 1071 3377 ἔστι
1091 3325 1160 3381 add.

142 3407 178 3445 m.
199 3395 214 3443 2
234 3389 263 3442 F.
337 3394 361 3443 9.
382 3388 443 3459 τῆς]
464 3405 532 3444 corr.
553 3405 594 3444 ex.
613 3390 720 3444 τοῦιη.
742 3397 755 3444 1
776 3391 801 3445 b.
868 3391 927 3462 ΓΑ]
946 3396 1002 3446 ΑΓ
1018 3390 1047 3446 F.
1116 3402 1160 3450 10.

142 3461 206 3531 ΓΑ]
226 3459 255 3514 in
273 3476 326 3514 ras.
346 3458 384 3527 V,
412 3464 466 3513 ΑΓ
482 3460 512 3512 F.
592 3455 665 3532 ἄρα]
686 3478 739 3516 om.
759 3459 793 3514 V.
873 3466 913 3516 11.
933 3455 984 3534 ὅν]
1004 3463 1033 3518 in
1052 3481 1107 3520 ras.
1130 3469 1162 3523 B.
