2474 3908
171 149 238 214 320
557 149 759 202 Στουοουευ
778 146 805 202 ι’.

33 350 42 360 ,
149 295 216 381 ’τῷ
240 288 305 358 άπὸ
329 294 388 376 τῆς
406 270 482 375 ΑΒ,
507 293 625 358 λουτὸν
649 287 714 376 ἅμα
737 288 775 357 τὸ
795 296 860 357 ΖΛ
883 296 959 357 ἴσον
976 289 1054 375 Ῐέστὶ
1074 294 1122 381 τῷ
1144 289 1193 370 δὶς

171 394 237 465 ὑπὸ
262 401 330 465 τῶν
354 403 436 480 ΑΗ,
456 402 532 463 ΗΒ.
578 394 752 482 τετμήσθω
777 388 884 483 οὖνὴ
909 402 987 463 ΖΜ
1006 399 1088 483 δίχα
1111 395 1192 464 κατὰ

171 501 209 570 τὸ
228 510 263 572 Ν
282 515 432 588 σημεῖον,
455 502 511 569 καὶ
534 501 629 590 ἤχθω
655 501 712 569 διὰ
730 506 791 570 τοῦ
809 509 849 570 Ν
867 499 1011 594 ὁποτέρᾳ
1029 507 1103 570 τῶν
1122 509 1194 588 ΓΛ,

173 615 250 676 ΜΛ
273 607 484 695 παράλληλος
506 604 527 694 ἡ
551 610 630 684 ΝΞ·
661 607 819 696 ἑκάτερον
842 605 908 693 ἄρα
931 611 999 675 τῶν
1024 609 1098 693 ΖΞ,
1123 615 1195 676 ΝΛ

90 790 95 801 ,
138 722 249 785 οἴσον
274 715 342 782 ἐστὶ
365 719 409 806 τῷ
434 711 500 783 ὑπὸ
524 718 592 782 τῶν
615 721 694 801 ΑΗ,
713 721 790 782 ΗΒ.
826 714 883 782 καὶ
906 714 975 782 ἐπεὶ
993 712 1031 782 τὸ
1054 715 1109 795 δὶς
1128 712 1195 783 ὑπὸ

173 825 240 888 τῶν
265 828 343 907 ΑΗ,
358 828 426 889 ΗΒ
450 822 553 908 μέσον
577 821 645 888 ἐστὶ
668 826 729 889 καί
749 824 839 890 ἐστιν
863 828 939 889 ἴσον
961 824 1007 912 τῷ
1033 826 1112 906 ΖΛ,
1137 821 1193 887 καὶ

173 924 210 995 τὸ
240 935 305 994 ΖΛ
332 925 396 1016 άρα
425 929 527 1015 μέσον
556 929 656 997 ἐστίν.
702 929 756 996 καὶ
784 926 874 1016 παρὰ
903 925 1008 1015 ῥητὴν
1036 926 1102 1014 τὴν
1133 933 1198 994 ΖΕ

173 1034 369 1120 παράκειται
393 1032 517 1114 πλάτος
544 1045 666 1103 ποιοῦν
694 1032 757 1120 τὴν
780 1040 865 1102 ΖΜ·
903 1031 984 1122 ῥητὴ
1010 1031 1078 1119 άροι
1103 1033 1195 1101 ἐστὶν

173 1139 194 1228 ἡ
214 1149 293 1209 ΖΜ
309 1141 364 1208 καὶ
388 1138 597 1229 ἀσύμμετρος
620 1144 659 1229 τῇ
680 1146 742 1209 ΓΔ
761 1139 866 1228 μήκει.
903 1140 960 1208 καὶ
983 1140 1053 1208 ἐπεὶ
1073 1166 1112 1208 το
1135 1140 1195 1228 μὲν

124 1268 157 1318 10
176 1253 395 1334 συγκείμενον
419 1249 455 1315 ἐκ
477 1251 545 1315 τῶν
575 1244 640 1316 άπὸ
665 1257 732 1315 τῶν
759 1255 838 1332 ΑΗ,
861 1253 929 1314 ΗΒ
958 1247 1062 1334 ῥητόν
1092 1247 1194 1334 ἐστιν,

174 1354 211 1423 τὸ
237 1354 274 1422 δὲ
298 1354 350 1433 δὶς
372 1350 438 1421 ὑπὸ
462 1357 530 1422 τῶν
554 1361 636 1439 ΑΗ,
650 1361 719 1421 ΗΒ
743 1356 855 1441 μέσον,
879 1352 1075 1440 ἀσύμμετρα
1100 1352 1194 1440 [ἅμα]

175 1461 243 1529 ἐστὶ
267 1462 307 1527 τὰ
330 1457 396 1528 άπὸ
420 1463 488 1528 τῶν
511 1467 587 1543 ΑΗ,
605 1468 670 1528 ΗΒ
693 1464 739 1551 τῷ
764 1461 816 1541 δὶς
838 1457 904 1528 ὑπὸ
928 1463 996 1528 τάν
1021 1467 1101 1546 ΑΗ,
1117 1467 1195 1529 ΗΒ.

176 1575 252 1634 ἴσον
276 1567 316 1632 δέ
339 1566 435 1651 [ἐστι]
460 1565 497 1634 τὸ
521 1571 581 1632 ΓΛ
603 1581 674 1646 τοῖς
697 1566 762 1635 άπὸ
786 1572 855 1637 τῶν
879 1574 961 1653 ΑΗ,
975 1573 1063 1652 ΗΒ,
1086 1570 1134 1659 τῷ
1159 1567 1196 1635 δὲ

175 1672 228 1752 δὶς
250 1668 316 1738 ὑπὸ
340 1675 408 1739 τῶν
431 1679 514 1758 AH,
530 1679 597 1740 ΗΒ
623 1680 699 1742 ἴσον
721 1673 759 1742 τὸ
784 1681 861 1742 ΖΛ·
891 1671 1106 1761 ἀσύμμετρον
1131 1672 1195 1761 ἄρα

125 1802 157 1851 15
178 1778 273 1862 [ἐστὶ]
303 1778 340 1845 τὸ
365 1782 430 1847 ΓΛ
458 1782 503 1872 τῷ
528 1786 601 1847 ΖΛ.
648 1775 693 1858 οἱς
720 1779 758 1848 δὲ
785 1781 822 1848 τὸ
850 1785 914 1848 ΓΛ
943 1778 1026 1868 πρὸς
1054 1784 1093 1848 τὸ
1123 1787 1193 1865 ΖΛ,

176 1885 283 1965 οὕτως
306 1884 397 1954 ἐστὶν
425 1882 446 1972 ἡ
470 1891 548 1953 ΓΜ
571 1889 654 1974 πρὸς
680 1885 743 1972 τὴν
765 1893 850 1954 MZ·
892 1884 1104 1973 ἀσύμμετρος
1132 1885 1194 1974 άρα

176 1993 267 2060 ἐστὶν
285 1989 306 2079 ἡ
327 1998 403 2060 ΓΜ
418 1995 459 2081 τῇ
478 1999 549 2060 ΜΖ
568 1991 672 2079 μήκει.
701 1997 762 2060 κοί
777 1997 864 2061 εἰσιν
882 1990 1071 2081 άμφότεμοιι
1086 1995 1194 2082 ῥηταί·

176 2101 213 2165 οιί
230 2098 296 2186 άροι
314 2105 398 2185 ΓΜ,
412 2102 484 2167 ΜΖ
509 2101 610 2186 ῥηταί
625 2103 689 2167 εἰσι
710 2100 851 2186 δυνάμει
870 2097 977 2185 μόνον
999 2099 1195 2190 σύμμετροι·

176 2202 327 2292 ἀποτομὴ
350 2203 416 2294 άροι
441 2205 531 2273 ἐστὶν
554 2202 574 2291 ἡ
600 2211 669 2275 ΓΖ.

124 2332 159 2382 ‘20
245 2314 341 2398 Λέγω
368 2310 451 2399 [ὃή],
475 2310 526 2379 ὅτι
549 2312 604 2379 καὶ
627 2311 773 2400 τετάρτη.

240 2416 330 2487 Ἐπεὶ
354 2415 418 2506 γάρ
442 2421 479 2484 αἱ
500 2425 581 2504 ΑΗ,
601 2425 669 2486 ΗΒ
700 2417 841 2506 δυνάμει
866 2421 954 2488 εἰσὶν
976 2418 1199 2510 ἀσύμμετροι,

177 2524 389 2612 ἀσύμμετρον
413 2522 478 2609 άρα
501 2524 556 2592 καὶ
580 2524 617 2592 τὸ
638 2523 702 2594 άπὸ
722 2530 780 2612 τῆς
793 2532 867 2594 ΑΗ
884 2529 930 2617 τῷ
954 2522 1019 2594 άττὸ
1043 2529 1104 2613 τῆς
1119 2534 1200 2596 ΗΒ.

176 2635 236 2696 καί
256 2631 325 2698 ἐστι
348 2633 392 2722 τῷ
417 2628 478 2716 μὲν
502 2627 567 2697 άπὸ
588 2642 647 2717 τῆς
668 2638 740 2699 ΑΗ
759 2639 835 2700 ἴσον
853 2630 891 2700 τὸ
911 2637 982 2717 ΓΘ,
1006 2633 1052 2722 τῷ
1073 2631 1112 2699 δὲ
1133 2635 1198 2703 άπο

177 2739 234 2821 τῆς
250 2743 317 2803 ΗΒ
343 2743 418 2803 ἴσον
437 2734 475 2803 τὸ
493 2743 575 2804 ΚΛ·
599 2733 814 2825 ἀσύμμετρον
836 2736 903 2824 άροι
926 2737 995 2806 ἐστὶ
1012 2734 1051 2804 τὸ
1071 2743 1137 2807 ΓΘ
1154 2744 1198 2832 τῷ

126 2864 159 2912 25
178 2849 257 2909 KA.
295 2839 340 2923 ὥς
364 2840 402 2909 δὲ
424 2840 461 2910 τὸ
487 2849 548 2911 ΓΘ
569 2841 654 2931 πρὸς
676 2841 714 2912 τὸ
733 2850 819 2932 ΚΛ,
844 2841 951 2924 οὕτως
974 2842 1066 2912 ἐστὶν
1089 2841 1111 2931 ἡ
1134 2852 1201 2914 ΓΚ

178 2951 260 3036 πρὸς
283 2948 346 3036 τὴν
368 2956 458 3017 ΚΜ·
489 2947 699 3038 ἀσύμμετρος
722 2947 789 3038 άροι
813 2951 903 3019 ἐστὶν
922 2947 942 3037 ἡ
965 2955 1034 3018 ΓΚ
1053 2954 1094 3039 τῇ
1121 2959 1203 3021 ΚΜ

178 3053 283 3141 μήκει.
329 3055 384 3122 καὶ
409 3057 478 3123 ἐπεὶ
504 3066 570 3123 τῶν
600 3053 665 3123 dud
693 3059 763 3124 τάν
786 3062 869 3142 ΑΗ,
888 3062 956 3124 ΗΒ
984 3056 1088 3142 μέσον
1119 3057 1199 3128 άνά·

178 3160 282 3243 λογόν
307 3160 435 3228 ἔστιτὸ
459 3159 524 3231 ὑπὸ
548 3167 615 3231 τῶν
639 3170 722 3249 ΑΗ,
741 3169 826 3249 ΗΒ,
854 3168 914 3230 καί
934 3164 1025 3230 ἐστιν
1053 3171 1133 3234 ἴσον
1161 3163 1197 3235 τὸ

179 3264 240 3349 μὲν
264 3261 328 3331 άπὸ
353 3269 411 3352 τῆς
429 3274 503 3334 ΑΗ
521 3279 566 3359 τῷ
585 3273 658 3355 ΓΘ,
681 3268 720 3338 τὸ
746 3269 784 3338 δὲ
802 3267 867 3338 άπὸ
887 3272 945 3355 τῆς
959 3275 1028 3337 ΗΒ
1047 3280 1094 3363 τῷ
1115 3279 1198 3357 ΚΛ,

253 3429 276 3478 1.
300 3425 356 3495 τῶ]
377 3424 448 3494 (alt.)
472 3425 528 3479 τῶν
546 3425 576 3480 P.
649 3434 674 3482 2.
700 3420 769 3500 οὖν]
794 3420 847 3484 οὖν
866 3430 919 3484 καί
938 3428 968 3484 Ρ.
1049 3436 1074 3487 3.
1098 3434 1152 3488 τοῦ
1172 3433 1201 3487 Ν

180 3497 295 3565 σημείου
315 3479 348 3551 Κ.
423 3501 446 3550 5.
471 3497 543 3568 τῶν]
569 3514 623 3555 om.
642 3499 672 3556 Ρ.
747 3506 770 3555 6.
795 3499 850 3574 τῷ]
874 3517 943 3556 corr,
963 3516 997 3555 ex
1016 3497 1048 3556 τό
1074 3521 1111 3559 m.
1135 3510 1148 3558 1
1168 3502 1197 3557 Β,
