2474 3908
136 181 177 246 18
518 181 719 235 ΣΤΟΙΧΕΙΩΝ
738 176 763 235 ι’.

136 337 249 413 μετρεῖ
270 323 307 392 δὲ
329 325 385 391 καὶ
409 321 429 410 ἡ
454 321 559 410 μονὰς
581 323 641 391 τὸν
665 330 697 389 Ε
717 320 800 389 κατὰ
828 320 887 400 τὰς
916 323 952 388 ἐν
982 318 1070 411 αὐτῷ
1095 347 1154 406 μο-

135 430 257 516 νάδας,
292 432 401 510 ἰσάκις
433 429 498 515 ἄρα
526 427 546 516 ἡ
576 428 682 516 μονὰς
711 427 772 497 τὸν
796 436 827 496 Ε
853 440 966 515 μετρεῖ
986 427 1041 494 καὶ
1064 425 1103 494 τὸ
1128 433 1161 495 Γ

136 535 172 604 τὸ
198 545 237 604 Β·
270 541 361 604 ε”στιν
385 534 450 621 ἄρα
473 534 518 615 ὡς
540 537 578 603 τὸ
597 541 628 603 Γ
642 537 727 622 πρὸς
750 533 787 602 τὸ
812 543 850 619 Β,
876 531 983 612 οὕτως
1005 531 1025 620 ἡ
1050 531 1158 619 μονὰς

136 641 220 730 πρὸς
243 641 302 711 τὸν
321 649 360 710 Ε.
395 643 531 728 ἐδείχθη
560 639 598 709 δὲ
620 641 676 707 καὶ
701 637 745 719 ὥς
764 637 801 708 τὸ
821 648 853 706 A
870 640 954 727 πρὸς
973 638 1010 707 τὸ
1029 644 1068 725 Γ,
1082 636 1107 706 ’ὁ
1124 647 1157 705 A

101 775 117 823 τ
136 746 290 834 τιρδςτην
301 747 448 834 μονάδα·
473 744 518 815 δι’
532 755 608 815 ἴσον
623 745 688 834 ἄρα
704 746 793 815 ἐστὶν
809 743 854 826 ὡς
866 744 903 814 τὸ
920 754 952 812 A
966 744 1050 832 πρὸς
1063 743 1101 813 τὸ
1116 753 1158 831 Β,

137 851 244 934 οὕτως
267 850 285 921 ὁ
310 862 343 921 A
366 850 512 941 ἀριθμὸς
534 851 618 943 πρὸς
640 851 701 921 τὸν
725 861 762 922 Ε.
905 842 911 856 ’

208 957 256 1027 To}
280 957 346 1049 ἄρα
375 959 545 1047 σύμμετροι
568 961 694 1047 μεγέθη
722 960 762 1025 τὰ
791 970 838 1044 Α,
864 967 892 1026 Β
919 958 1003 1045 πρὸς
1031 956 1160 1044 ἄλληλα

137 1069 242 1153 λόγον
261 1071 338 1154 ἔχει,
359 1061 400 1134 ὃν
419 1062 565 1155 ἀριθμὸς
584 1062 601 1133 ὁ
619 1073 652 1131 A
666 1063 749 1152 πρὸς
768 1064 918 1153 ἀριθμὸν
939 1064 999 1134 τὸν
1013 1072 1056 1131 Ε·
1076 1063 1159 1150 ὅπερ

139 1176 206 1240 ἔδει
230 1174 345 1253 δεῖξαι.

86 1307 119 1354 10
630 1277 667 1355 ς’.

202 1402 291 1471 Ἐὰν
325 1401 396 1470 δύο
430 1403 577 1488 μεγέθη
610 1399 706 1489 πρὸς
738 1399 887 1486 ἄλληλα
919 1401 1040 1488 λόγον
1074 1407 1158 1489 έχη,

139 1507 185 1578 ὃν
209 1505 383 1597 ἀριθμὸς
405 1504 509 1596 πρὸς
532 1505 724 1596 ἀριθμόν,
755 1506 959 1596 σύμμετρα
983 1512 1090 1575 ἔσται
1113 1506 1158 1575 τὰ

139 1619 297 1703 μεγέθη.

207 1721 282 1789 Δύο
303 1721 368 1808 γὰρ
383 1722 508 1807 μεγέθη
528 1718 567 1787 τὰ
587 1730 630 1806 A,
644 1729 673 1789 B
691 1719 774 1810 πρὸς
788 1720 914 1808 ἄλληλα
928 1721 1032 1808 λόγον
1049 1722 1160 1807 ἐχέτω,

88 1853 121 1902 15
141 1826 183 1898 ὃν
206 1825 351 1914 ἀριθμὸς
376 1824 447 1894 ὁΔ
469 1825 553 1914 πρὸς
571 1824 721 1916 ἀριθμὸν
740 1829 799 1896 τὸν
819 1837 860 1896 Ε·
888 1830 984 1915 λέγω,
1005 1826 1056 1896 ὅτι
1076 1827 1158 1914 σύμ

140 1934 242 2023 μετροέ
267 1932 400 2001 ἐστιτὰ
424 1943 466 2020 Α,
486 1940 514 1999 Β
537 1935 672 2020 μεγέθη.

198 2038 295 2107 Ὅσαι
318 2039 382 2126 γάρ
407 2043 494 2107 εἰσιν
517 2041 554 2107 έν
576 2044 621 2131 τῷ
642 2049 675 2107 A
694 2040 849 2127 μονάδες,
873 2045 920 2120 εἰς
937 2051 1083 2109 τοσαῦτα
1103 2050 1159 2108 ῖσοι

142 2147 318 2238 διῃρήσθω
342 2144 379 2214 τὸ
405 2155 447 2233 A,
470 2147 526 2214 οιαὶ
550 2146 601 2214 ἑνὶ
625 2143 737 2214 αὐτῶν
757 2154 833 2214 ἴσον
852 2151 935 2215 ἔστω
953 2147 991 2216 τὸ
1012 2154 1051 2216 Γ·
1081 2144 1159 2215 ὅσαι

142 2256 180 2322 δέ
202 2259 287 2322 εἰσιν
308 2255 344 2321 ἐν
364 2256 411 2344 τῷ
431 2261 462 2320 Ε
478 2253 633 2340 μονάδες,
658 2254 692 2320 ἐν
711 2252 882 2321 τοσούτων
901 2259 1055 2340 μεγεθῶν
1074 2264 1159 2323 ῖσων

88 2384 122 2433 20
141 2371 186 2452 τῷ
210 2366 242 2427 Γ
261 2365 451 2446 συγκείσθω
475 2357 507 2424 u*
537 2366 573 2425 Z.

206 2463 294 2532 Ἐπεὶ
319 2457 398 2550 οὖν,
428 2462 614 2547 ὅσαι-εἰσὶν
639 2467 744 2558 ἐντῷ
770 2476 802 2533 A
825 2467 985 2554 μονάδες,
1013 2470 1160 2536 τοσοῦτοί

143 2577 207 2640 είσι
229 2572 285 2639 καὶ
309 2573 345 2639 ἐν
364 2575 410 2664 τῷ
430 2580 462 2638 A
480 2572 605 2658 μεγέθη
626 2580 682 2640 ῖσοι
700 2584 745 2665 τῷ
765 2580 804 2660 Γ,
828 2571 847 2641 δ
866 2572 932 2660 ἄρα
951 2577 1049 2664 μέρος
1068 2575 1160 2642 ἐστὶν

143 2677 164 2766 ἡ
187 2677 293 2765 μονὰς
315 2681 375 2746 τοῦ
400 2687 448 2764 A,
476 2676 515 2746 τὸ
539 2675 620 2746 αὐτὸ
644 2680 744 2768 μέρος
766 2681 835 2748 έστὶ
854 2682 909 2748 καὶ
932 2679 969 2749 τὸ
989 2687 1020 2749 Γ
1035 2685 1096 2749 τοῦ
1116 2690 1160 2748 A·

144 2791 235 2853 ἔστιν
258 2783 323 2874 ἄρα
347 2783 392 2865 ὡς
414 2783 452 2853 τὸ
477 2791 509 2852 Γ
527 2784 611 2871 πρὸς
637 2785 675 2854 τὸ
700 2796 747 2871 A,
777 2784 882 2866 οὕτως
905 2785 925 2873 ἡ
950 2784 1055 2874 μονὰς
1078 2788 1162 2872 πρὸς

90 2915 125 2966 25
143 2891 204 2960 τὸν
227 2901 271 2960 A.
325 2906 439 2980 μετρεῖ
465 2891 502 2960 δὲ
529 2889 549 2978 ἡ
574 2891 679 2978 μονὰς
702 2892 763 2960 τὸν
786 2902 819 2960 A
849 2891 1011 2980 ἀριθμόν·
1050 2909 1165 2982 μετρεῖ

144 2997 209 3084 ἄρα
239 2998 294 3066 καὶ
321 2997 359 3066 τὸ
388 3004 421 3066 Γ
445 2996 482 3066 τὸ
511 3007 551 3066 A.
602 2999 658 3066 καὶ
682 3001 754 3066 ἐπεῖ
776 3002 866 3067 ἐστιν
896 2996 940 3079 ως
963 2999 999 3067 τὸ
1030 3006 1062 3067 Γ
1080 3000 1163 3086 πρὸς

143 3104 182 3173 τὸ
196 3114 240 3191 A,
259 3103 365 3185 οὕτως
382 3101 402 3191 ἡ
422 3103 527 3193 μονὰς
545 3104 628 3195 πρὸς
646 3103 707 3174 τὸν
727 3113 760 3172 A
780 3104 968 3191 [ἄριθμόν],
993 3103 1162 3174 ἀνάπαλιν

145 3209 213 3300 ἄρα,
238 3208 283 3292 ὡς
309 3210 348 3280 τδ
377 3221 409 3279 A
436 3210 519 3302 πρὸς
541 3210 579 3280 τὸ
594 3218 643 3294 Τ,
678 3210 785 3292 οὕτως
813 3208 830 3280 ὁ
856 3221 888 3279 A
912 3209 1057 3300 ἀριθμὸς
1079 3213 1164 3299 πρὸς

70 3432 175 3664 ι
217 3468 249 3517 3.’
261 3458 306 3533 τό]
323 3461 386 3532 (pr.)
407 3458 456 3516 τόν
475 3461 504 3519 Ρ.
556 3469 582 3518 4.
602 3455 692 3523 οὕτως
711 3456 726 3515 ὁ
746 3461 780 3515 V.
834 3467 858 3517 ἵ,
877 3457 948 3530 πρὸς
968 3456 1084 3533 ἄλληλα]
1106 3480 1163 3532 mg.

148 3531 267 3613 ·‚.1P.
342 3539 382 3590 11.
412 3531 471 3604 ἔχει
493 3535 519 3590 b.
595 3540 636 3590 14.
660 3530 714 3587 δύο
737 3528 792 3602 γὰρ
811 3530 933 3604 μεγέθη]
957 3551 1014 3603 mg.
1033 3551 1069 3587 m.
1093 3540 1107 3587 1
1132 3534 1162 3586 P.
