2474 3908
94 169 98 175 ’
138 196 181 260 62
522 197 724 250 Στοικυιαα
742 193 770 251 ι’.

136 335 156 424 ἡ
181 346 247 406 ΑΒ
270 342 310 428 τῇ
334 345 399 407 ΒΓ
413 338 526 426 μήκει·
559 336 701 423 δυνάμει
729 336 793 424 γὰρ
822 337 930 425 μόνον
957 335 1157 408 ὑπόκεινται

137 445 333 532 σύμμετροι·
366 455 421 533 ἴση
450 442 530 531 δὲὴ
559 452 626 512 AB
657 448 697 532 τῇ
726 451 809 529 ΒΔ,
847 441 1057 532 ἀσύμμετρος
1089 449 1158 532 άρα

136 553 205 619 έστὶ
232 552 287 620 καὶ
310 549 331 638 ἡ
357 559 422 619 ΔΒ
444 556 484 640 τῇ
516 558 583 621 ΒΓ
608 551 712 638 μήκει.
767 556 826 619 καί
854 553 945 619 ἐστιν
969 549 1015 632 ὡς
1040 549 1061 640 ἡ
1086 561 1156 622 ΔΒ

135 661 220 744 πρὸς
246 657 411 752 τὴνΒΓ,
440 656 545 738 οὕτως
567 657 604 726 τὸ
625 666 695 725 ΑΔ
718 656 802 746 πρὸς
823 657 861 726 τὸ
886 664 970 725 ΛΓ·
1008 657 1157 747 άσύμμε-

101 791 217 852 5τρον
245 763 310 853 άρα
336 765 431 849 [ἐστὶ]
458 763 496 832 τὸ
526 773 596 831 ΔΛ
623 768 668 855 τῷ
693 770 764 833 ΑΓ.
816 765 918 850 ῥητὸν
943 763 982 831 δὲ
1003 763 1043 832 τὸ
1066 775 1156 834 ΔΑ·

136 868 261 957 άλογυν
289 868 354 958 άρα
384 871 452 939 ἐστὶ
475 868 512 938 τδ
542 876 622 937 ΑΓ·
664 869 747 938 ὥστε
779 871 834 939 καὶ
862 868 883 956 ἡ
914 874 1087 959 δυναμένη
1115 871 1156 941 τὸ

135 983 204 1044 ΑΓ
231 979 416 1061 [τουτέστιν
444 975 464 1063 ἡ
494 984 569 1044 ἴσον
596 974 685 1067 αὐτῷ
712 976 927 1065 τετράγωνον
961 979 1156 1066 δυναμένη]

135 1080 257 1169 ἄλογός
280 1086 385 1169 ἐστιν,
408 1089 576 1150 καλείσθω
602 1082 639 1150 δὲ
662 1086 759 1170 μέση·
792 1083 873 1168 ὅπερ
899 1087 967 1151 έδει
991 1087 1107 1165 δεῖξαι.

568 1300 716 1382 Λῆμμα.

83 1448 116 1496 10
199 1417 279 1487 Ἐάν
301 1413 361 1488 ὦσι
383 1420 445 1487 δύο
470 1418 611 1506 εὐθεῖαι,
635 1425 726 1488 ἔστιν
750 1417 795 1499 ὡς
816 1416 836 1506 ἡ
856 1418 969 1508 πράτη
988 1419 1072 1508 πρὸς
1090 1420 1158 1508 τὴν

135 1529 307 1614 δευτέραν,
331 1525 437 1607 οὕτως
459 1527 497 1595 τὸ
521 1526 586 1594 άπὸ
609 1531 667 1614 της
684 1525 818 1612 πρώτης
835 1525 922 1613 πρδς
939 1526 977 1595 τὸ
995 1525 1062 1596 ὑπὸ
1081 1532 1154 1597 τῶν

134 1633 197 1700 δύο
221 1631 372 1702 εὐθειῶν.

201 1745 350 1807 ἔστωσαν
374 1740 437 1808 δύο
456 1739 586 1808 εὐθεῖαι
607 1743 644 1807 αι’
661 1747 734 1826 ΖΕ,
752 1747 828 1810 ΕΗ.
865 1743 962 1827 λέγω,
983 1739 1034 1809 ὅτι
1058 1742 1156 1810 ἐστὶν

133 1843 178 1924 άς
201 1843 221 1931 ἡ
242 1853 307 1913 ΖΕ
327 1845 411 1934 πρὸς
433 1846 496 1934 τὴν
517 1854 597 1932 ΕΗ,
621 1844 728 1928 οὕτως
750 1844 786 1914 τὸ
812 1844 877 1915 άπδ
901 1852 961 1934 τῆς
985 1855 1049 1915 ΖΕ
1067 1846 1155 1936 πρὸς

81 1980 112 2028 15
131 1951 169 2019 τὸ
189 1949 254 2021 ὑπὸ
278 1957 346 2022 τῶν
370 1961 441 2040 ΖΕ,
465 1960 542 2021 ΕΗ.

199 2058 450 2150 ἀναγεγράφθω
469 2059 534 2148 γάρ
553 2057 620 2128 άπὸ
636 2065 694 2147 τῆς
711 2067 775 2128 ΖΕ
787 2061 997 2150 τετράγωνον
1016 2057 1054 2127 τὸ
1071 2069 1105 2127 Δ
1111 2068 1152 2147 Ζ,

131 2169 186 2235 καὶ
206 2167 503 2262 συμπεπληράσδω
522 2166 560 2235 τδ
580 2173 618 2233 Η
622 2174 663 2233 Δ.
700 2169 770 2234 ἐπεὶ
790 2157 854 2235 οὖν
874 2168 965 2233 έστιυ
984 2163 1030 2246 ὡς
1047 2164 1068 2253 ἡ
1086 2174 1154 2234 ΖΕ

131 2273 213 2361 πρὸς
235 2272 298 2358 τὴν
323 2280 405 2357 ΕΗ,
434 2272 540 2351 οὕτως
561 2271 600 2340 τὸ
625 2280 692 2339 ΖΔ
714 2271 798 2358 πρὸς
819 2270 857 2339 τὸ
883 2279 972 2358 ΔΗ,
998 2279 1059 2340 καί
1080 2275 1151 2341 ἐστι

131 2378 168 2448 τὸ
197 2377 258 2464 μὲν
282 2385 348 2444 ΖΔ
370 2376 408 2445 τὸ
432 2375 495 2445 άπὸ
520 2382 579 2464 τῆς
602 2385 678 2464 ΖΕ,
705 2379 744 2446 τὸ
768 2377 805 2445 δὲ
830 2384 904 2445 ΔΗ
924 2377 962 2446 τὸ
988 2376 1054 2447 ὑπὸ
1076 2384 1150 2469 τῶν

78 2511 112 2560 20
132 2491 215 2568 ΔΕ,
239 2489 319 2567 ΕΗ,
342 2485 491 2552 τουτέστι
514 2483 551 2552 τὸ
576 2481 641 2553 ὑπὸ
665 2487 732 2553 τῶν
756 2492 833 2571 ΖΕ,
857 2492 942 2572 ΕΗ,
966 2490 1057 2554 ἔστιν
1082 2485 1150 2572 άρα

131 2588 176 2670 ὡς
198 2587 218 2675 ἡ
244 2597 309 2657 ΖΕ
329 2589 412 2677 πρὸς
434 2589 496 2676 τὴν
518 2598 596 2675 ΕΗ,
621 2590 727 2672 οὕτως
749 2591 786 2660 τὸ
811 2590 877 2660 άπδ
900 2595 959 2678 τῆς
978 2599 1042 2660 ΖΕ
1064 2593 1150 2680 πρὸς

130 2695 167 2764 τὸ
188 2693 252 2763 ὑπὸ
275 2700 344 2765 τάν
364 2703 437 2782 ΖΕ,
457 2703 534 2765 ΕΗ.
581 2695 704 2784 ὁμοίως
727 2698 764 2766 δέ
785 2699 842 2767 καὶ
866 2696 912 2780 ὥς
935 2699 972 2767 τὸ
991 2696 1059 2768 ὑπὸ
1079 2705 1150 2768 τῶν

202 2918 225 2967 1.
245 2911 314 2982 ΒΓ]
336 2913 387 2964 ΓΒ
401 2909 435 2965 V.
490 2906 555 2982 γάρ]
576 2927 665 2981 comp.
682 2911 713 2978 F,
728 2908 812 2980 ευριπ
826 2928 876 2967 scr.
893 2910 933 2967 δέ.
989 2917 1015 2968 3.
1029 2907 1105 2967 ἐστίν
1116 2913 1149 2970 Β.

165 2983 230 3054 ΔΒ]
247 2982 319 3052 (alt.)
340 2987 394 3036 ΒΔ
413 2982 443 3036 Ρ.
501 2989 526 3037 4.
546 2984 615 3054 ΑΓ]
635 2998 704 3037 corr.
715 2988 808 3038 exAB
822 3001 859 3038 m.
873 2999 928 3038 rec.
943 2984 973 3038 P.
1031 2990 1054 3038 5.
1072 2979 1150 3038 ἐστίν

128 3054 160 3124 Β,
179 3071 225 3108 om
244 3052 273 3108 P.
329 3058 383 3106 ΑΔ
402 3053 462 3109 FV.
522 3055 625 3109 ΑΔΕ.
681 3049 835 3109 6.έστίνΡ.
892 3051 968 3125 M]
988 3069 1149 3124 suprascr.

129 3145 166 3179 m.
189 3131 205 3179 2
230 3123 263 3179 V.
345 3132 370 3180 8.
396 3121 454 3178 ἐστι
476 3123 543 3194 PV,
572 3141 662 3196 comp.
690 3125 744 3180 Fb.
816 3126 889 3178 Ante
921 3118 992 3192 ὅπερ
1019 3127 1084 3181 add.
1112 3125 1149 3181 P:

129 3191 227 3250 διὰτὸ
247 3199 313 3265 (mg.
333 3214 370 3249 m.
391 3197 417 3265 1)
441 3191 493 3265 τὴν
512 3197 573 3251 ἴσον
592 3193 817 3266 ἀναγράφουσιν
835 3193 1013 3265 τετράγωνον
1035 3202 1074 3270 τῷ
1093 3200 1153 3250 ΑΓ

128 3266 233 3337 χωρίῳ,
257 3259 293 3332 ἣν
317 3270 400 3321 καλεῖ
420 3265 520 3355 μέσην,
550 3266 639 3337 μέσην
662 3264 803 3336 ἀνάλογον
827 3263 901 3321 εἶναι
920 3267 977 3322 τῶν
996 3273 1060 3335 ΑΒ,
1080 3272 1148 3334 ΒΓ;

128 3337 225 3391 eodem
240 3335 303 3391 loco
316 3336 425 3392 Theon:
445 3340 494 3392 δια
512 3333 545 3391 τδ
564 3334 596 3391 τὸ
615 3333 665 3391 ἀπ’
684 3332 774 3407 αὐτῆς
791 3334 969 3424 τετράγωνον
989 3341 1050 3393 ἴσον
1071 3335 1149 3393 εἶναι

127 3408 166 3480 τῷ
184 3401 243 3461 ὑπὸ
257 3411 314 3461 τῶν
333 3413 355 3461 Α
361 3413 397 3475 Β,
411 3413 467 3461 ΒΓ
482 3408 531 3463 καὶ
550 3407 639 3478 μέσην
657 3404 798 3477 ἀνάλογον
818 3406 909 3478 αὐτην
923 3411 1076 3495 γίγνεσθαι
1094 3412 1149 3480 (γί-

128 3481 233 3533 νεσθαι
246 3475 311 3547 BV)
327 3479 384 3532 τῶν
403 3483 462 3546 ΑΒ,
481 3483 536 3533 ΒΓ
548 3477 686 3548 (BFVb).
748 3486 773 3534 9.
792 3480 886 3552 λῆμμα
905 3501 922 3549 γ
946 3481 1045 3551 V(0fr.
1061 3484 1148 3551 app).

165 3556 206 3605 10.
227 3539 294 3604 ὦσιν
313 3550 342 3604 Β.
417 3545 465 3616 ὡς]
485 3547 517 3604 δέ
537 3546 575 3613 ὡς
592 3550 623 3607 Ε.
694 3555 734 3605 11.
754 3549 836 3622 πρός]
856 3568 940 3621 supra
959 3567 1010 3606 scr.
1029 3553 1148 3608 m.1F.
