2474 3908
403 198 678 261 nmuauroauu
696 200 805 251 amna
822 202 855 254 Χ.
1093 200 1134 263 47

188 362 265 404 nam
285 340 312 404 si
332 344 407 427 ΓΑ,
422 346 455 405 A
460 346 489 405 Β
503 342 846 408 incommensurabiles
861 365 928 408 non
943 346 1028 423 sunt,
1046 365 1135 428 mag-

115 447 234 511 nitudo
258 447 368 531 aliqua
392 470 446 511 eas
470 448 628 513 metietur.
679 447 850 528 metiatur,
874 449 901 513 si
924 449 994 513 fieri
1016 453 1135 533 potest,

125 590 167 638 -A
199 621 218 630 ,
282 557 314 618 et
338 555 382 618 sit
406 559 447 619 A.
486 554 552 618 iam
576 553 729 639 quoniam
749 559 783 618 A
801 554 1041 641 magnitudines
1061 558 1135 639 ΓΑ,

204 631 242 790 ‘A
279 664 345 724 AB
374 659 521 743 metitur,
558 661 656 724 etiam
688 661 846 744 reliquam
879 663 945 725 ΒΓ
972 661 1134 726 metietur.

196 790 216 800 ·
278 762 392 831 uerum
416 767 514 830 etiam
538 771 604 831 AB
628 766 769 831 metitur.
802 772 836 831 A
854 767 956 852 igitur
974 770 1053 852 AB,
1071 769 1139 831 ΒΓ

278 875 420 940 metitur.
444 874 554 958 itaque
565 878 598 937 A
603 875 718 957 Β,ΒΓ
728 873 1034 938 commensurabiles
1047 877 1133 939 sunt.

143 980 165 1028 Β
277 980 505 1064 supposuimus
518 984 637 1065 autem,
652 980 780 1045 easdem
790 980 1132 1045 incommensurabiles

277 1108 360 1172 esse3
377 1085 462 1170 quod
476 1085 548 1150 fieri
562 1108 628 1150 non
642 1089 762 1169 potest.
784 1087 891 1168 itaque
904 1085 995 1149 nulla
1009 1086 1133 1169 magni-

275 1194 354 1258 tudo
378 1195 456 1276 ΓΑ,
474 1197 540 1257 ΑΒ
560 1192 720 1258 metietur.
751 1213 828 1278 ergo
843 1195 917 1275 ΓΑ,
932 1195 995 1254 ΑΒ
1010 1191 1131 1256 incom-

122 1263 170 1312 Τ
276 1298 510 1365 mensurabiles
526 1302 628 1364 erunt
659 1299 809 1363 similiter
828 1297 1132 1381 demonstrabimus,

112 1405 214 1470 etiam
247 1407 327 1488 ΑΓ,
356 1408 416 1470 ΓΒ
448 1404 793 1469 incommensurabiles
827 1425 906 1470 esse.
956 1425 1032 1488 ergo
1066 1407 1136 1468 ΑΓ

110 1511 242 1596 utrique
265 1515 341 1596 AB,
364 1513 430 1575 ΒΓ
449 1510 787 1576 incommensurabilis
812 1515 870 1575 est.

186 1617 257 1681 lam
276 1639 353 1682 uero
372 1620 442 1683 ΑΓ
452 1617 602 1682 alterutri
617 1621 692 1701 AB,
713 1619 776 1681 ΒΓ
792 1616 1129 1682 incommensurabilis

110 1724 165 1789 sit.
195 1724 240 1788 sit
252 1725 343 1808 prius
360 1722 577 1807 magnitudini
591 1728 658 1787 AB
672 1723 1021 1788 incommensurabilis.
1049 1723 1130 1808 dieo,

110 1830 211 1895 etiam
233 1834 309 1915 AB,
332 1833 398 1895 ΒΓ
416 1830 761 1895 incommensurabiles
786 1851 864 1894 esse.
894 1851 971 1894 narn
996 1829 1024 1894 si
1043 1851 1128 1894 corn-

111 1936 349 2001 mensurabiles
383 1939 471 2019 sunt,
505 1934 696 2021 magnitudo
731 1936 840 2020 aliqua
877 1957 930 1999 eas
967 1936 1129 2000 metietur.

110 2044 267 2108 metiatur
286 2046 319 2107 et
342 2043 386 2108 sit
405 2048 447 2106 A.
479 2042 543 2107 iam
568 2041 720 2126 quoniam
740 2046 774 2105 A
792 2040 1034 2126 magnitudines
1053 2046 1129 2124 AB,

109 2153 179 2215 ΒΓ
198 2150 342 2233 metitur,
365 2149 462 2214 etiam
486 2152 593 2212 totum
617 2149 685 2211 ΑΓ
704 2147 865 2212 metietur.
895 2169 1009 2212 uerum
1028 2149 1127 2212 etiam

109 2261 177 2321 AB
200 2257 343 2321 metitur.
380 2261 413 2319 A
435 2255 536 2338 igitur
559 2256 633 2337 ΓΑ,
655 2256 720 2317 AB
744 2254 887 2318 metitur.
918 2253 1029 2338 itaque
1051 2256 1127 2336 ΓΑ,

108 2367 176 2427 ΑΒ
188 2361 496 2427 commensurabiles
512 2365 595 2425 sunt.
619 2359 848 2444 supposuimus
864 2365 982 2439 autem,
997 2360 1126 2424 easdem

108 2469 456 2535 incommensurabiles
482 2489 565 2550 essc;
593 2467 678 2551 quod
696 2467 766 2531 fieri
785 2489 852 2531 non
870 2471 987 2551 potest.
1018 2468 1126 2551 itaque

108 2576 201 2640 nulla
225 2574 415 2660 magnitudo
439 2579 519 2658 AB,
543 2577 609 2638 ΒΓ
628 2573 788 2638 metietur.
829 2574 938 2658 itaque
962 2578 1026 2637 AB
1033 2624 1042 2659 ,
1065 2577 1130 2638 ΒΓ

107 2681 457 2749 incommensurabiles
482 2683 567 2745 sunt.

175 2788 266 2874 Ergo
292 2790 320 2852 si
343 2788 425 2852 duae
448 2787 699 2872 magnitudines,
724 2788 757 2850 et
781 2808 863 2871 quae
888 2791 1073 2870 sequuntur.

536 2965 697 3030 Lemma.

178 3089 212 3155 Si
227 3093 335 3154 rectae
350 3090 446 3154 alicui
460 3089 806 3175 parallelogrammum
824 3087 1005 3172 adplicatur
1018 3087 1124 3172 figura

108 3196 270 3282 quadrata
290 3196 450 3280 deficiens,
470 3196 669 3281 adplicatum
689 3196 830 3279 spatium
849 3195 1038 3280 reetangulo
1053 3217 1123 3278 par-

105 3305 189 3369 tium
213 3307 321 3370 rectae
346 3303 561 3387 adplicatione
586 3308 729 3368 orbarum
754 3303 888 3387 aequale
912 3304 970 3365 est.

141 3485 185 3535 23.
204 3475 384 3552 τετραγώνῳ]
408 3494 477 3533 corr.
498 3495 531 3532 ex
549 3473 828 3551 παραλληλογράμμῳ
848 3495 883 3532 m.
902 3493 957 3534 rec.
977 3477 1004 3531 b.
1076 3472 1120 3546 τό]

103 3547 142 3606 roi
162 3549 191 3606 F.
264 3545 297 3605 τὸ
316 3546 513 3624 παραβληθέν]
533 3564 586 3605 om.
605 3549 632 3602 b.
