2474 3908
128 141 173 204 24
515 142 717 194 ΣΤΟΙΧΕΙΩΝ
735 138 762 195 ι’.

617 282 660 350 θ’.

200 388 252 457 T&
281 387 356 456 ἀπὸ
385 393 467 456 τών
494 388 608 475 μήκει
631 389 865 477 συμμέτρων
894 386 1067 457 εὐθειῶν
1090 415 1149 457 τε·

128 495 313 584 τρώγωνα
343 496 440 582 πρὸς
467 493 617 581 όῖλλήλα
649 495 774 582 λόγον
807 500 902 583 ἔχει,
936 493 982 563 δυ
1013 495 1147 583 τειρό-

128 628 255 690 γωνος
278 599 450 691 ἀριθμὸς
473 600 569 690 πρὸς
592 600 844 688 τετράγωνον
864 600 1054 692 ἀριθμόν·
1082 603 1149 669 καὶ

93 708 173 784 ετδι
205 708 432 796 τετράγωνα
464 706 509 776 τ’δι
540 706 639 793 πρὸς
666 706 817 793 ἄλληλα
844 707 967 795 λόγον
990 714 1148 796 ἔχοντα,

129 813 175 885 δυ
197 815 447 904 τετράγωνος
470 811 643 902 ἀριθμὸς
665 813 763 902 πρὸς
786 815 1038 902 τετράγωνον
1062 813 1150 903 ώρι-

128 922 249 1009 θμόν,
277 922 342 988 καὶ
364 920 432 1001 τὰς
453 918 626 1008 πλευρὰς
649 921 726 1000 ἕξει
750 921 866 1007 μήκει
890 923 1150 1008 συμμέτρους.

128 1030 172 1095 τδι
196 1028 238 1096 δὲ
261 1026 334 1095 ἀπὸ
359 1031 436 1095 τών
461 1026 576 1114 μήκει
599 1025 866 1116 ἀσυμμέτρων
895 1026 1067 1096 εὐθειῶν
1090 1053 1150 1096 τε·

128 1135 311 1223 τρόγωυα
338 1132 436 1221 πρὸς
464 1131 614 1220 ἄλληλα
641 1131 763 1218 λόγον
792 1132 862 1200 οὐκ
895 1138 993 1221 ἔχει,
1026 1132 1150 1221 όνπερ

79 1268 112 1316 10
130 1239 378 1331 τετράγωνος
392 1236 564 1326 ἀριθμὸς
582 1236 943 1326 πρδςτετροίγωνον
958 1237 1151 1327 ἀριθμόν·

128 1347 194 1414 καὶ
226 1344 270 1413 τδι
303 1345 531 1433 τετράγωνα
563 1343 607 1412 τδι
640 1343 737 1432 πρὸς
769 1342 921 1431 όίλλήλα
948 1348 1070 1430 λόγον
1099 1344 1150 1441 μή

130 1459 289 1540 ἔχοντα,
323 1448 368 1519 δν
400 1450 649 1538 τετράγωνος
681 1447 855 1538 ἀριθμὸς
886 1449 983 1541 πρὸς
1014 1450 1151 1541 τετρώ-

129 1585 259 1645 γωνου
284 1554 479 1646 ἀριθμόν,
513 1555 607 1625 οὐδὲ
629 1554 697 1636 τὰς
724 1555 901 1645 πλευρὰς
929 1558 1006 1638 ἕξει
1034 1559 1151 1644 μήκει

130 1665 390 1754 συμμέτρους.

79 1798 112 1847 15
189 1770 365 1839 Ἔστωσαν
388 1768 453 1856 γδιρ
477 1772 515 1837 αλ
536 1780 579 1854 Α,
597 1776 625 1836 Β
645 1770 740 1856 μήκει
760 1769 954 1857 σύμμετροι·
978 1773 1075 1857 λέγω,
1100 1769 1152 1839 ότι

130 1876 167 1946 τὸ
192 1875 257 1945 ἀπὸ
282 1886 341 1964 τής
359 1886 391 1943 A
413 1874 625 1963 τετράγωνον
648 1873 733 1963 πρὸς
753 1874 790 1943 τὸ
816 1874 880 1945 ἆπδ
905 1882 963 1964 τής
985 1885 1015 1944 Β
1037 1877 1151 1965 τετρό-

129 2010 242 2070 γωυον
269 1982 374 2069 λόγου
402 1986 483 2069 ἔχει,
516 1977 557 2048 δν
585 1980 793 2068 τετράγωνος
825 1980 971 2072 ἀριθμός
994 1981 1077 2072 πρὸς
1099 2009 1149 2051 τε-

129 2090 305 2180 τράγωνον
330 2088 488 2179 ἀριθμόν.

195 2195 284 2266 Ἐπεὶ
307 2197 372 2284 γὰρ
397 2194 584 2282 σύμμετρός
608 2196 699 2262 ἐστιν
722 2193 742 2281 ή
766 2204 799 2261 Α
821 2200 860 2285 τή
884 2203 913 2263 Β
936 2195 1046 2285 μήκει,
1074 2195 1095 2283 ή
1119 2207 1151 2265 A

78 2331 114 2379 20
133 2303 199 2392 ἄρα
217 2304 300 2392 πρὸς
318 2301 381 2388 τήν
398 2309 427 2369 Β
446 2301 551 2386 λόγον
570 2306 648 2388 ἔχει,
672 2299 713 2370 δυ
730 2299 876 2389 ἀριθμὸς
894 2301 978 2390 πρὸς
992 2300 1152 2390 ἀριθμόν.

131 2412 243 2498 ἐχέτω,
267 2405 308 2476 δν
333 2403 403 2474 ὁΓ
421 2403 505 2492 πρὸς
526 2403 588 2473 τὸν
612 2415 654 2474 A.
702 2408 771 2474 ἐπεὶ
796 2398 859 2475 οὖν
884 2410 974 2476 ε’στιν
1004 2405 1049 2488 ώς
1072 2406 1093 2495 ή
1119 2419 1152 2477 Α

130 2519 215 2605 πρὸς
237 2512 298 2602 τήν
321 2521 365 2599 Β,
395 2512 501 2592 οὕτως
530 2510 548 2580 ό
573 2518 606 2579 Γ
624 2514 706 2601 πρὸς
729 2513 789 2582 τὸν
812 2522 860 2600 A,
888 2511 972 2583 ἀλλὰ
1000 2519 1061 2584 τοί
1091 2515 1152 2603 μέν

129 2627 188 2708 τής
211 2630 244 2689 Α
267 2618 351 2703 πρὸς
373 2617 435 2707 τήν
459 2627 488 2687 Β
512 2617 618 2705 λόγου
642 2623 827 2688 διπλασίων
851 2622 941 2689 ἐστὶν
968 2619 986 2689 δ
1005 2626 1066 2689 τοῦ
1085 2621 1151 2690 ἀπὸ

130 2731 189 2815 τής
213 2737 244 2795 A
266 2726 480 2814 τετραγώνου
506 2724 591 2814 πρὸς
623 2724 659 2794 τὸ
689 2724 755 2795 ἀπὸ
783 2731 844 2814 τής
872 2735 900 2795 Β
928 2728 1152 2815 τετράγωνον·

77 2860 112 2910 25
130 2835 170 2903 τὰ
199 2833 264 2922 γὰρ
293 2831 394 2921 ὅμοια
422 2833 572 2921 σχήματα
602 2835 638 2901 ἐν
663 2836 854 2902 διπλασίονι
877 2834 967 2926 λόγῳ
992 2836 1061 2904 ἐστὶ
1084 2841 1154 2904 τών

131 2939 308 3030 ὁμολόγων
336 2943 503 3028 πλευρῶν·
555 2942 617 3008 τοῦ
645 2938 682 3007 δὲ
710 2944 771 3008 τοῦ
793 2947 826 3008 Γ
851 2939 1040 3029 [ἀριθμοῦ]
1070 2941 1154 3029 πρὸς

131 3047 192 3117 τὸν
209 3057 241 3117 A
256 3044 433 3136 [ἀριθμὸν]
449 3045 557 3132 λόγου
578 3049 764 3113 διπλασίων
779 3046 875 3114 Ιέστὶν
895 3044 912 3114 ὁ
932 3059 993 3116 τοῦ
1012 3045 1154 3117 ἀπὸτοῦ

132 3162 165 3223 Γ
183 3153 394 3244 τετραγώνου
417 3151 501 3242 πρὸς
523 3149 585 3220 τὸν
609 3149 675 3220 ἀπὸ
699 3155 760 3221 τοῦ
784 3162 817 3219 A
840 3153 1063 3241 τετράγωνον·
1090 3154 1153 3223 δύο

133 3259 199 3350 γὰρ
222 3259 442 3349 τετραγώνων
466 3256 625 3346 ἀριθμῶν
653 3251 701 3337 εἷς
728 3260 829 3345 μέσος
858 3258 1029 3346 ἀνάλογόν
1063 3263 1154 3330 ἐστιν

206 3428 231 3476 8.
250 3417 320 3490 πρὸς
339 3415 458 3489 ἄλληλα]
484 3434 569 3487 supra
587 3431 640 3471 sor.
659 3416 689 3471 F.
763 3415 813 3491 ἔχῃ
833 3419 866 3488 V,
886 3438 955 3475 corr.
973 3439 1009 3476 m.
1032 3426 1055 3476 1.
1128 3428 1154 3476 4.

769 3485 775 3504 Ι

133 3486 273 3564 ἀριθμός]
292 3505 376 3560 supra
395 3505 448 3546 scr.
466 3507 502 3544 m.
523 3486 585 3542 213.
649 3491 673 3544 5.
692 3508 855 3559 τετραγωνα
873 3487 921 3562 τό]
943 3508 1026 3562 supra
1046 3509 1097 3547 sor.
1116 3509 1154 3548 m.

84 3556 145 3656 't
