2474 3908
160 156 225 221 388
574 157 763 207 APPENDIX.

158 297 505 383 παραλληλόγραμμον
528 306 574 387 τῷ
595 302 656 362 ΒΖ
679 293 1029 384 παραλληλογράμμῳ,
1053 294 1184 362 ἔστιδὲ

160 400 249 495 αὐτῷ
282 404 338 470 καὶ
371 401 572 488 ἰσογώνιον,
608 405 677 468 τῶν
711 401 748 469 δὲ
780 408 864 469 ίσων
894 401 950 468 καί
984 404 1184 487 ἰσογωνίων

159 508 515 596 παραλληλογράμμων
530 506 818 575 ἀντιπεπόνθασιν
834 509 871 573 αί
883 506 1026 591 πλευραὶ
1046 511 1089 573 αί
1110 509 1184 590 περὶ

158 614 217 695 τὰς
239 623 314 694 ίσας
336 621 470 700 γωνίας,
495 613 665 699 ἀνάλογον
689 612 755 700 ἄρα
779 614 870 681 ἐστὶν
893 610 938 692 ὡς
961 609 979 680 ὁ
1005 619 1076 680 ΑΒ
1102 611 1184 700 πρὸς

123 746 139 794 5
159 720 219 788 τὸν
239 727 311 806 ΓΔ,
335 719 441 802 οὕτως
464 719 482 789 ὁ
502 727 567 789 ΓΕ
588 718 672 806 πρὸς
690 719 751 787 τὸν
770 726 846 787 ΑΖ·
872 717 953 804 ὅπερ
973 723 1044 786 ἔδει
1066 722 1184 801 δείξαι.

645 866 693 929 10.

489 971 541 1035 Ad
556 973 628 1036 libr.
642 971 672 1035 X
690 994 781 1056 prop.
797 971 848 1035 29.

468 1079 612 1160 Λῆμμα
640 1079 698 1154 είς
724 1072 767 1140 τὸ
794 1073 868 1142 καθ’.

228 1198 303 1266 Δύο
328 1197 485 1285 ἀριθμῶν
509 1200 685 1267 δοθέντων
707 1199 764 1265 καὶ
787 1194 922 1276 εὐθείας
941 1198 1022 1265 δέον
1040 1201 1184 1284 ποιῆσαι

161 1302 205 1384 ὡς
227 1304 288 1373 τὸν
311 1303 459 1391 ἀριθμὸν
482 1303 565 1390 πρὸς
587 1303 647 1373 τὸν
666 1302 827 1392 ἀριθμόν,
853 1301 959 1383 οὕτως
975 1302 1016 1371 τὸ
1035 1300 1106 1371 ἀπὸ
1127 1307 1185 1389 της

160 1407 297 1488 εὐθείας
319 1410 531 1496 τετράγωνον
554 1407 639 1498 πρὸς
656 1407 693 1477 τὸ
717 1407 773 1477 ἀπ’
799 1408 902 1496 ἄλλης
923 1409 1025 1489 τινός.

108 1540 141 1588 10
218 1513 394 1582 Ἔστωσαν
413 1519 448 1583 ολ
465 1519 623 1596 δοθέντες
643 1516 706 1585 δύο
726 1515 868 1604 ἀριθμοὶ
887 1519 922 1584 ολ
938 1525 980 1600 Α,
995 1524 1036 1602 Β,
1062 1513 1183 1595 εὐθεῖα

161 1620 198 1687 δὲ
221 1618 241 1704 ἡ
267 1627 309 1706 Γ,
342 1622 397 1687 καὶ
427 1623 505 1689 δίον
530 1624 598 1690 ἐστὶ
626 1627 764 1709 ποιησαι
787 1620 824 1689 τὸ
845 1626 1080 1708 προκείμενον.
1128 1647 1183 1689 πε-

160 1726 317 1813 ποιήσθω
340 1725 404 1814 γὰρ
428 1725 472 1808 ὡς
496 1725 513 1796 ὁ
539 1740 571 1796 Α
593 1726 677 1814 πρὸς
703 1727 762 1797 τὸν
786 1736 830 1814 Β,
857 1727 878 1815 ἡ
902 1734 935 1795 Γ
952 1724 1075 1796 εὐθεῖα
1099 1727 1184 1811 πρὸς

161 1835 266 1919 ἄλλην
297 1832 373 1901 τινὰ
405 1832 467 1920 τὴν
501 1843 549 1921 Δ,
586 1835 641 1902 καὶ
674 1835 828 1923 είληφθω
860 1838 929 1903 τῶν
961 1840 1004 1921 Γ,
1028 1841 1064 1899 Δ
1099 1837 1182 1922 με’ση

161 1937 332 2024 ἀνάλογον
356 1937 376 2026 ἡ
400 1948 437 2007 Ε.
484 1942 554 2009 ἐπεὶ
578 1933 641 2009 οὖν
665 1944 756 2009 ἐστιν
780 1939 824 2021 ὡς
848 1939 866 2008 ὁ
889 1950 921 2008 Α
947 1939 1031 2027 πρὸς
1054 1939 1121 2009 τὸν
1145 1949 1183 2028 Β,

109 2042 181 2129 1εὴ
206 2052 238 2112 Γ
257 2045 375 2113 εὐθεῖα
398 2046 481 2132 πρὸς
503 2046 565 2133 τὴν
589 2055 637 2132 Δ,
669 2045 743 2115 ἄλλ’
770 2045 815 2128 ὡς
841 2045 862 2134 ἡ
888 2054 920 2115 Γ
943 2042 1027 2134 πρὸς
1050 2045 1119 2134 την
1143 2056 1184 2133 Δ,

160 2150 198 2218 τὸ
223 2148 287 2219 ἀπὸ
312 2155 370 2237 τῆς
394 2159 425 2219 Γ
443 2151 527 2242 πρὸς
549 2150 586 2220 τὸ
611 2154 675 2220 ἀπὸ
693 2159 752 2240 της
771 2161 815 2238 Ε,
839 2150 885 2232 ὥς
907 2153 972 2236 ἄρα
996 2148 1014 2218 ὁ
1039 2162 1075 2219 Α
1100 2153 1185 2239 πρὸς

160 2256 222 2324 τὸν
241 2264 279 2342 Β,
302 2256 340 2325 τὸ
364 2256 427 2325 ἀπὸ
452 2263 511 2344 τῆς
529 2265 561 2325 Γ
579 2257 663 2345 πρὸς
686 2258 723 2344 τὸ
743 2256 807 2326 ἀπὸ
826 2262 885 2343 της
903 2265 935 2325 Ε
954 2257 1185 2345 τετράγωνον.

645 2405 696 2467 11.

493 2510 544 2573 Ad
559 2510 631 2574 libr.
644 2508 675 2572 X
692 2531 784 2594 prop.
799 2511 851 2574 31.

478 2621 619 2698 Λῆμμα
647 2618 703 2692 είς
730 2611 772 2680 τὸ
801 2617 868 2681 λα’.

225 2729 304 2800 Ἐὰν
332 2726 394 2801 ὦσι
423 2733 486 2802 δύο
515 2734 647 2803 εὐθεῖαι
675 2738 712 2804 ἐν
740 2737 830 2826 λόγῳ
857 2742 940 2820 τινί,
973 2741 1067 2804 ἔσται
1093 2737 1142 2818 ὡς
1166 2738 1187 2827 ἡ

108 2866 142 2914 20
162 2842 280 2908 εὐθεῖα
299 2838 381 2928 πρὸς
398 2839 461 2927 τὴν
480 2838 631 2928 εὐθεῖαν,
655 2840 761 2923 οὕτως
779 2842 817 2912 τὸ
837 2842 904 2911 ὑπὸ
922 2847 990 2910 τῶν
1010 2842 1078 2911 δύο
1100 2846 1189 2933 πρὸς

161 2947 199 3015 τὸ
223 2946 288 3015 ἀπὸ
313 2952 371 3033 τῆς
394 2951 573 3034 ἐλαχίστης.

218 3053 393 3122 Ἔστωσαν
412 3052 454 3140 θη
475 3053 537 3121 δύο
557 3052 689 3121 εὐθεῖαι
707 3057 745 3120 αί
759 3063 836 3142 ΑΒ,
852 3061 918 3122 ΒΓ
933 3058 969 3122 ἐν
987 3056 1080 3145 λόγῳ
1101 3066 1187 3127 τινί·

162 3160 263 3244 λέγω,
290 3158 340 3227 ὅτι
368 3161 458 3227 ἐστὶν
486 3159 530 3240 ὡς
557 3158 578 3247 ἡ
607 3168 671 3228 ΑΒ
699 3161 783 3247 πρὸς
808 3161 871 3248 τὴν
899 3167 974 3248 ΒΓ,
1006 3159 1119 3243 οὕτως
1148 3165 1187 3235 τὸ

210 3300 364 3425 921οΞ4Ρηρλ
383 3319 461 3371 prop.
478 3302 567 3355 XXIX
588 3322 615 3372 p.
630 3309 673 3372 88,
690 3308 722 3357 18
742 3303 774 3357 V.
851 3308 891 3358 11,
911 3302 979 3358 Post
992 3319 1075 3372 prop.
1092 3307 1188 3363 XXXI

162 3389 188 3440 p.
246 3414 252 3440 ,
353 3414 359 3425 .

235 3502 259 3548 4.
280 3501 301 3548 A
308 3495 341 3566 Β]
362 3512 376 3549 e
396 3511 464 3549 corr.
485 3497 518 3550 V.
