2474 3908
167 166 233 232 302
554 170 756 223 ενοεκυιαν
775 190 802 226 ι.

166 310 376 402 τετραγώνῳ,
394 310 449 377 καὶ
465 315 548 379 ἔστω
563 309 601 380 τὸ
615 309 681 380 ὑπὸ
696 316 765 380 τῶν
780 320 857 398 ΑΖ,
873 318 953 380 ΖΗ·
977 310 1192 400 ἀσύμμετρος

168 419 233 504 ίίρα
262 417 352 485 ἐστὶν
380 415 401 504 ἡ
425 425 490 486 AZ
517 429 557 507 τῇ
583 425 654 486 ΖΗ
677 418 782 505 μήκει.
829 417 874 500 ὥς
903 418 940 487 δέ
963 417 984 505 ἡ
1009 426 1077 486 ΑΖ
1105 419 1192 508 πρὸς

166 522 228 610 τὴν
248 530 325 610 ΖΗ,
350 522 456 605 οὕτως
480 526 549 593 ἐστὶ
572 523 610 593 τὸ
630 533 690 592 ΑΙ
710 528 792 613 πρὸς
809 525 847 593 τὸ
868 533 946 594 ΖΚ·
970 525 1192 615 ἀσύμμετρον

167 628 233 716 άρα
257 630 326 699 ἐστὶ
349 630 386 700 τὸ
411 639 471 698 ΑΙ
491 642 536 723 τῷ
561 639 635 700 ΖΚ.
671 633 726 700 καὶ
750 633 821 702 ἐπεὶ
843 636 881 701 αί
897 638 979 716 ΑΗ,
999 629 1073 700 ΑΓ
1090 635 1192 720 ῥηταί

132 742 232 813 εείσι
265 738 408 825 δυνάμει
435 739 545 825 μόνον
578 740 776 827 σύμμετροι,
809 741 912 827 μέσον
947 739 1015 808 ἐστὶ
1044 738 1084 807 τὸ
1109 748 1192 810 ΑΚ.

166 843 284 932 πάλιν,
319 847 389 914 ἐπεὶ
413 849 450 912 αί
472 852 552 930 ΑΓ,
577 853 654 913 ΛΗ
677 849 777 933 ῥηταί
802 851 866 914 είσι
895 847 950 914 καὶ
978 843 1191 936 άσάμμετροι

166 952 273 1039 μήκει,
298 956 401 1039 μέσον
426 953 495 1021 ἐστὶ
518 954 574 1020 καὶ
597 952 634 1020 τὸ
659 960 738 1020 ΔΚ.
776 955 845 1021 ἐπεὶ
870 946 933 1022 οὖν
957 956 994 1020 αί
1010 960 1093 1039 ΑΗ,
1114 961 1192 1020 HA

167 1058 308 1146 δυνάμει
327 1059 435 1146 μόνον
459 1059 646 1147 σύμμετροί
661 1063 759 1145 είσιν,
782 1058 992 1147 ἀσύμμετρος
1011 1057 1078 1148 άρα
1093 1061 1191 1129 ἐστὶν

166 1163 289 1251 ἡΑΗ
312 1170 351 1253 τῇ
380 1172 454 1233 ΗΛ
482 1166 589 1253 μήκει.
634 1163 679 1245 ὥς
703 1165 740 1234 δέ
763 1165 784 1252 ἡ
808 1173 885 1250 ΑΗ
907 1168 990 1250 πρὸς
1012 1165 1076 1253 τὴν
1099 1175 1190 1254 ΗΔ,

114 1297 147 1345 10
167 1270 273 1354 οὕτως
305 1273 375 1340 ἐστὶ
406 1276 444 1339 τὸ
472 1279 547 1341 AK
573 1271 657 1359 πρὸς
684 1270 722 1339 τὸ
751 1277 835 1339 ΚΛ·
877 1270 1091 1359 ἀσύμμετρον
1120 1274 1190 1363 άρα

167 1379 235 1447 ἐστὶ
266 1380 304 1447 τὸ
332 1385 404 1445 ΑΚ
433 1382 479 1471 τῷ
509 1385 589 1447 KA.
644 1377 835 1446 συνεστάτω
866 1370 930 1446 οὖν
958 1382 1003 1470 τῷ
1037 1378 1099 1466 μέν
1129 1388 1192 1448 ΑΙ

167 1492 243 1551 ἴσον
266 1484 477 1571 τετράγωνον
500 1483 538 1553 τὸ
561 1492 647 1571 ΛΜ,
670 1489 715 1574 τῷ
741 1484 778 1553 δέ
802 1492 870 1552 ZK
892 1493 967 1553 ίσον
991 1483 1187 1574 ἀφῃρήσθω

166 1589 241 1676 περὶ
264 1588 327 1676 τὴν
351 1589 457 1676 αὐτην
481 1596 610 1676 γωνίαν
633 1589 669 1658 τδ
690 1595 769 1668 ΝΞ·
799 1592 875 1678 περὶ
899 1591 963 1677 τὴν
987 1589 1094 1680 αὐτὴν
1119 1592 1187 1683 άρα

167 1695 348 1782 διάμετρόν
373 1697 504 1764 ἐστιτὰ
529 1703 560 1763 A
568 1704 618 1782 M,
637 1701 707 1774 ΝΞ
726 1697 926 1785 τετράγωνα.
964 1702 1047 1766 ἔστω
1072 1697 1187 1769 αὐτῶν

114 1827 146 1876 15
167 1801 379 1890 διάμετροςὴ
396 1809 468 1889 ΟΡ,
491 1803 548 1871 καὶ
565 1803 833 1892 καταγεγράφθω
851 1804 889 1872 τὸ
911 1815 1029 1892 σχῆμα.
1060 1805 1186 1893 ὁμοίως

166 1907 209 1995 δὴ
231 1924 301 1990 τοῖς
325 1909 436 1979 έκάνω
465 1911 634 1998 δείξομεν,
664 1910 716 1979 ὅτι
739 1912 760 1998 ἡ
784 1918 860 1979 AN
884 1910 1026 1979 δύναται
1053 1911 1092 1981 τὸ
1119 1921 1185 1982 ΑΒ

165 2022 299 2105 χωρίον.

232 2125 345 2210 Λέγω,
375 2121 427 2193 ὅτι
453 2121 474 2211 ἡ
499 2131 575 2192 AN
595 2122 643 2211 [ἡ]
668 2124 749 2210 μετά
772 2125 876 2211 μέσον
899 2127 1003 2211 μέσον
1032 2127 1069 2194 τὸ
1098 2123 1183 2194 ὅλον

164 2230 310 2299 ποιοῦσά
336 2234 436 2299 ἐστιν.

112 2358 146 2408 20
230 2333 318 2403 Ἐπεὶ
348 2336 413 2424 γάρ
441 2338 544 2423 μέσον
573 2338 708 2423 ἐδείχθη
737 2335 775 2406 τὸ
804 2344 875 2404 AK
903 2342 962 2404 καί
987 2337 1078 2406 ἐστιν
1106 2346 1186 2407 ίσον

165 2455 235 2522 τοῖς
258 2440 322 2509 άαο
347 2447 416 2511 ταῖν
440 2449 521 2528 ΛΟ,
547 2449 629 2528 ΟΝ,
658 2441 696 2510 τὸ
722 2442 788 2528 άρα
812 2450 1031 2529 συγκείμενον
1055 2447 1186 2513 ἐκτῶν

165 2544 231 2614 άτδ
258 2551 327 2614 των
355 2555 437 2634 AO,
463 2555 535 2616 ΟΝ
559 2550 663 2634 μέσον
694 2551 792 2618 ἐστίν.
838 2551 956 2635 πάλιν,
985 2552 1055 2618 ἐκεί
1077 2552 1186 2636 μέσον

165 2656 301 2741 ἐδείχθη
325 2652 362 2720 τδ
389 2661 462 2721 ΔΚ
488 2659 548 2720 καί
567 2657 658 2722 ἐστιν
682 2664 758 2724 ίσον
781 2660 827 2744 τῷ
852 2656 904 2736 δὶς
926 2654 992 2725 ὑπὸ
1016 2661 1085 2725 τῶν
1104 2665 1187 2744 ΛΟ,

167 2767 245 2847 ΟΝ,
269 2760 325 2827 καὶ
348 2758 386 2828 τὸ
407 2760 460 2841 δὶς
481 2757 549 2829 ὑπὸ
572 2764 640 2829 τῶν
664 2768 741 2849 ΛΟ,
767 2770 838 2831 ΟΝ
857 2763 960 2850 μέσον
985 2765 1085 2830 ἐστίν.
1128 2765 1187 2831 καί

111 2891 146 2939 25
166 2868 237 2937 ἐπεὶ
259 2866 472 2956 ἀσύμμετρον
496 2869 632 2955 ἐδείχθη
656 2868 693 2937 τὸ
718 2877 791 2938 AK
811 2873 856 2961 τῷ
881 2876 963 2955 ΛΚ,
986 2867 1187 2960 άσύμμετρα

166 2973 258 3062 [άρα]
284 2976 353 3044 ἐστὶ
376 2978 432 3044 καί
458 2978 499 3052 τὰ
527 2974 591 3045 άπὸ
619 2984 688 3045 τῶν
710 2983 792 3062 AO,
819 2983 890 3043 ΟΝ
914 2974 1108 3064 τετράγωνα
1138 2981 1186 3069 τῷ

166 3081 218 3159 δὶς
240 3078 307 3149 ὑπὸ
331 3087 399 3151 τῶν
422 3089 500 3168 ΛΟ,
521 3088 598 3150 ΟΝ.
642 3083 699 3150 καὶ
723 3082 794 3151 ἐπεὶ
816 3080 1030 3170 ἀσύμμετρόν
1054 3083 1125 3150 ἐστι
1145 3083 1185 3152 τδ

238 3316 262 3365 1.
281 3305 459 3382 ἀσύμμετρον
477 3310 507 3379 Ρ,
527 3327 597 3369 corr.
617 3331 653 3367 m.
676 3320 699 3368 1.
764 3320 788 3371 2.
809 3313 878 3384 ZH]
900 3316 955 3367 ΗΖ
973 3312 1004 3368 F.
1073 3318 1098 3368 3.
1119 3314 1182 3386 AI]

165 3377 337 3437 άαὸΑΙΡ.
407 3377 577 3438 4.έστίνΡ.
637 3386 697 3457 ΑΙ]
718 3403 787 3441 corr.
806 3401 840 3440 ex
857 3388 913 3439 ΑΓ
928 3403 966 3441 m.
984 3400 1039 3439 rec.
1058 3383 1087 3438 Ρ.
1157 3392 1183 3440 5.

164 3454 235 3525 ΑΚ]
260 3470 328 3509 corr.
348 3469 381 3506 ex
407 3457 466 3507 ΔΚ
487 3472 522 3508 m.
542 3470 597 3509 rec.
616 3454 647 3509 P.
727 3464 751 3512 6.
774 3452 859 3511 τάίιν
880 3487 911 3497 -
934 3462 956 3510 7.
977 3454 1050 3527 ΔΚ]
1076 3471 1132 3513 om.
1152 3455 1182 3510 P.

202 3531 243 3581 10.
263 3525 336 3596 KA]
357 3528 415 3578 ΔΚ
427 3524 460 3580 V.
517 3530 558 3581 11.
578 3527 648 3598 KA]
669 3544 781 3583 corr.ex
797 3531 855 3582 ΔΚ
868 3527 900 3582 V.
959 3521 1182 3598 12.άφηρήσθω
