2474 3908
134 154 177 217 42
518 154 720 206 ΣΤΟΙΧΕΙΩΝ
738 149 765 206 ι’.

138 305 166 363 Α
188 295 249 381 μὲν
273 305 331 381 τῆς
353 302 382 361 Β
401 301 514 382 μεῖζον
538 293 701 362 δυνάσθω
724 298 770 386 τῷ
795 292 860 362 ἀπὸ
884 299 943 381 τῆς
961 302 1001 379 E,
1024 292 1045 381 ἡ
1066 294 1104 362 δὲ
1122 300 1155 362 Γ

133 406 192 488 της
215 410 248 469 Δ
267 406 377 488 μεῖζον
397 399 559 468 δυνάσθω
578 405 624 494 τῷ
644 398 709 469 ἀπὸ
728 404 786 487 τῆς
806 408 845 468 Z·
882 401 979 487 λέγω,
1003 401 1065 486 ὅτι,
1085 408 1151 469 εἴτε

135 507 321 594 σύμμετρός
344 509 433 575 ἐστιν
456 505 477 594 ἡ
501 516 533 575 Α
555 517 594 595 τῇ
619 515 664 589 Ε,
693 506 880 594 σύμμετρός
907 507 1054 575 ἐστικαὶ
1077 505 1099 594 ἡ
1122 513 1155 575 Γ

133 618 172 702 τῇ
198 621 241 700 Ζ,
269 623 335 683 εἴτε
359 612 567 702 ἀσύμμετρός
591 615 681 681 ἐστιν
704 611 725 700 ἡ
749 625 781 681 Α
802 617 842 702 τῇ
867 621 910 699 Ε,
939 612 1152 702 ἀσύμμετρός

99 721 203 796 εέστι
225 721 282 788 καὶ
305 721 323 790 ὁ
348 727 380 789 Γ
399 725 437 810 τῇ
463 727 498 787 Ζ.

197 823 285 894 Ἐπεὶ
308 824 373 915 γάρ
398 828 488 893 ἐστιν
508 823 589 912 ὦςὴ
615 835 647 894 A
674 825 759 914 πρὸς
786 827 848 912 τὴν
873 832 918 911 Β,
947 823 1054 906 οὕτως
1077 824 1098 914 ἡ
1122 833 1155 895 Γ

133 931 217 1019 πρὸς
239 935 301 1020 τὴν
320 941 364 1018 Δ,
388 938 478 1000 ἔστιν
502 930 568 1019 ἄρα
591 933 646 999 καὶ
670 930 716 1011 ὡς
733 931 770 1000 τὸ
790 930 856 1000 ἀπὸ
876 935 934 1018 τῆς
954 942 986 1000 Α
1006 931 1090 1020 πρὸς
1110 931 1148 1002 τὸ

133 1036 198 1106 ἀπὸ
223 1043 282 1125 τῆς
300 1046 339 1124 Β,
364 1039 470 1118 οὕτως
492 1037 529 1106 τὸ
554 1035 619 1107 ἀπὸ
643 1042 702 1125 τῆς
722 1044 754 1106 Γ
772 1036 856 1123 πρὸς
878 1037 915 1106 τὸ
940 1036 1004 1107 ἀπὸ
1028 1044 1087 1126 τῆς
1107 1048 1149 1108 Δ.

133 1141 217 1213 ἀλλὰ
245 1157 290 1237 τῷ
319 1145 380 1233 μὲν
408 1143 473 1213 ἄπο
498 1149 556 1232 της
578 1154 610 1212 Α
634 1154 691 1214 [σοι
714 1146 783 1213 ἐστὶ
805 1143 845 1212 τὰ
869 1142 934 1213 ἀπὸ
958 1150 1026 1213 τῶν
1045 1154 1086 1232 Ε,
1110 1152 1150 1230 Β,

82 1282 115 1330 10
133 1263 179 1345 τῷ
209 1252 247 1320 δὲ
274 1249 339 1321 ἀπὸ
367 1256 426 1339 τῆς
449 1257 481 1319 Γ
500 1260 555 1320 ἴσα
580 1251 649 1319 ἐστὶ
672 1249 712 1319 τὰ
737 1248 802 1319 ἀπὸ
825 1255 894 1319 τῶν
913 1260 957 1337 Δ,
980 1258 1015 1319 Ζ.
1057 1257 1150 1321 ἔστιν

133 1357 199 1442 ἄρα
224 1356 268 1438 ὡς
294 1358 334 1425 τὰ
360 1356 425 1426 ἀπὸ
449 1362 518 1427 τῶν
541 1366 580 1441 Ε,
603 1365 632 1424 Β
656 1357 739 1446 πρὸς
761 1357 799 1425 τὸ
816 1355 884 1426 ἀπὸ
903 1362 963 1445 τῆς
979 1365 1018 1444 Β,
1043 1359 1151 1440 οὕτως

132 1463 172 1532 τὰ
196 1463 262 1532 ἀπὸ
285 1467 354 1532 τῶν
378 1473 425 1549 Δ,
450 1470 478 1530 Ζ
500 1462 583 1550 πρὸς
610 1461 648 1532 τὸ
672 1460 738 1533 ἀπὸ
762 1468 820 1550 τῆς
843 1473 889 1530 Δ·
914 1466 1059 1533 διελόντι
1083 1465 1149 1552 ἄρα

133 1571 223 1638 ἐστὶν
238 1567 283 1650 ὡς
296 1569 334 1638 τὸ
349 1567 413 1638 ἀπὸ
428 1574 487 1656 τῆς
502 1577 532 1637 Ε
543 1575 626 1655 πρὸς
639 1571 677 1639 τὸ
691 1569 757 1639 ἀπὸ
771 1574 830 1658 τῆς
843 1577 884 1657 Β,
900 1569 1006 1650 οὕτως
1024 1569 1061 1639 τὸ
1082 1569 1149 1640 ἀπὸ

132 1688 190 1764 τῆς
218 1685 245 1745 Ζ
272 1677 356 1765 πρὸς
381 1674 419 1744 τὸ
447 1673 512 1744 ιἰπὸ
539 1688 597 1763 τῆς
624 1685 671 1744 Λ·
702 1683 792 1746 ἔστιν
819 1676 886 1764 ἄρα
913 1679 968 1745 καὶ
997 1675 1042 1757 ὡς
1069 1675 1090 1764 ἡ
1120 1687 1152 1746 Ε

81 1811 113 1861 15
132 1784 215 1869 πρὸς
242 1783 303 1870 τὴν
326 1789 369 1868 Β,
399 1781 505 1863 οὕτως
528 1780 548 1870 ἡ
575 1791 601 1851 Ζ
624 1782 706 1870 πρὸς
728 1782 792 1870 τὴν
816 1791 861 1850 Δ·
889 1781 1059 1852 ἀνάπαλιν
1082 1783 1149 1874 ἄρα

133 1891 223 1960 ἐστὶν
252 1888 296 1970 ὡς
319 1887 339 1976 ἡ
364 1897 392 1957 Β
416 1889 500 1976 πρὸς
531 1888 592 1977 τὴν
616 1899 661 1977 Ε,
691 1888 798 1970 οὕτως
820 1888 841 1977 ἡ
865 1900 898 1957 Δ
922 1888 1004 1978 πρὸς
1026 1888 1087 1976 τὴν
1112 1899 1149 1960 Ζ.

133 2003 201 2066 ἔστι
234 1997 271 2065 δὲ
299 1998 354 2064 καὶ
387 1994 432 2076 ὡς
459 1994 480 2083 ἡ
509 2005 541 2064 Α
563 1995 645 2082 πρὸς
674 1996 735 2083 τὴν
763 2005 808 2084 Β,
836 1994 944 2077 οὕτως
966 1994 986 2084 ἡ
1011 2004 1044 2065 Γ
1066 1997 1150 2088 πρὸς

132 2103 194 2191 τὴν
217 2112 264 2171 Δ·
289 2101 334 2173 δι’
353 2113 430 2173 ἴσου
450 2102 516 2191 ἄρα
535 2103 625 2172 ἐστὶν
644 2100 727 2190 (ὅςὴ
749 2113 781 2172 A
799 2102 883 2192 πρὸς
896 2102 958 2191 τὴν
977 2111 1016 2190 Ε,
1041 2102 1150 2186 οὕτως

131 2209 151 2297 ἡ
176 2217 207 2279 Γ
225 2209 307 2299 πρὸς
329 2208 393 2297 την
417 2217 453 2277 Ζ.
482 2219 546 2278 εἴτε
570 2201 635 2278 οὖν
659 2208 845 2296 σύμμετρός
866 2211 956 2278 ἐστιν
970 2207 990 2297 ἡ
1006 2221 1038 2277 Α
1052 2215 1091 2301 τῇ
1108 2219 1148 2297 Ε,

79 2344 113 2393 20
133 2317 317 2405 σύμμετρός
342 2319 411 2384 ἐστι
433 2316 489 2384 καὶ
511 2313 532 2400 ἡ
557 2321 589 2383 Γ
606 2321 646 2404 τῇ
671 2323 713 2401 Ζ,
737 2323 801 2383 εἴτε
824 2313 1034 2404 ἀσύμμετρός
1057 2320 1150 2386 ἐστιν

131 2421 151 2510 ἡ
177 2433 208 2490 Α
230 2427 271 2511 τῇ
295 2430 335 2507 Ε,
361 2419 552 2509 ἄσύμμεηός
576 2423 644 2490 ἐστι
667 2422 723 2489 καὶ
745 2419 765 2508 ἡ
790 2426 823 2488 Γ
841 2426 880 2510 τῇ
906 2429 942 2490 Ζ.

195 2528 274 2596 Ἐὰν
294 2527 370 2617 ἄρα,
396 2525 515 2596 καὶτὰ
540 2529 620 2615 ἑξῆς.

613 2732 661 2774 ιε.

195 2829 284 2899 Ἐὰν
309 2830 380 2900 δύο
404 2832 552 2919 μεγέθη
577 2831 780 2918 σύμμετρα
804 2833 994 2919 συντεθῇ,
1018 2833 1082 2900 καὶ
1105 2831 1148 2901 τὸ

77 2962 112 3012 25
133 2935 226 3006 ὅλον
250 2938 419 3028 ἑκατέρῳ
448 2935 579 3006 αὐτῶν
606 2935 831 3025 σύμμετρον
856 2941 978 3005 ἔσται·
1007 2934 1081 3007 κᾶν
1104 2938 1147 3008 τὸ

132 3041 228 3114 ὅλον
252 3044 312 3112 ἑνὶ
335 3041 465 3113 αὐτῶν
492 3043 718 3131 σύμμετρον
741 3035 779 3133 ᾗ,
807 3042 940 3111 καὶτὰ
965 3045 1003 3125 ἐξ
1027 3042 1150 3133 ἀρχῆς

131 3153 278 3238 μεγέθη
303 3151 505 3238 σύμμετρα
529 3156 648 3220 ἔσται.

198 3263 398 3343 Συγκείσθω
417 3256 482 3346 γὰρ
502 3259 564 3325 δύο
585 3257 710 3343 μεγέθη
730 3257 900 3344 σύμμετρα
918 3255 959 3325 τὰ
979 3264 1053 3344 ΑΒ,
1071 3265 1099 3326 Β
1106 3264 1148 3326 Γ’

203 3441 227 3489 1.
247 3435 296 3504 τῆς
315 3434 350 3506 Β]
370 3450 440 3490 corr.
458 3435 723 3503 exvfiBm.1b.
780 3433 957 3491 ΓδέΒΕῙ).
1012 3433 1148 3509 θέσπιν]

130 3523 183 3561 om.
203 3507 237 3562 V.
293 3505 340 3577 τῇ]
364 3521 432 3560 corr.
452 3522 487 3560 ex
504 3506 554 3575 τῆς
572 3525 608 3562 m.
630 3512 644 3560 1
665 3506 695 3562 Ρ.
752 3502 827 3561 ἐστιν
846 3507 876 3562 Β.
943 3513 968 3564 4.
988 3509 1021 3578 Ζ]
1042 3524 1057 3562 e
1077 3524 1148 3566 corr.
