2474 3908
137 151 180 214 72
522 151 723 204 ΣΤΟΙΧΕΙΩΝ
742 152 768 208 ι’.

135 292 331 382 λόγραμμον
361 291 399 361 τὸ
424 300 503 361 ΜΚ
529 290 652 373 πλάτος
679 296 803 360 ποιοῦν
832 293 894 380 τὴν
917 277 1083 380 ΘΚ,’καὶ
1107 300 1157 363 ἔτι

135 404 180 493 τῷ
214 408 281 468 ΒΕ
310 408 386 468 ἴσον
419 399 543 486 ὁμοίως
571 400 661 484 παρὰ
691 398 754 487 τὴν
783 406 861 468 ΚΝ
882 401 1155 489 παραβεβλήσθω

136 505 172 575 τὸ
206 513 278 574 NA
310 505 435 586 πλάτος
466 510 590 574 ποιοῦν
621 504 685 593 τὴν
716 513 799 574 ΚΛ·
832 504 883 575 ἐπ’
919 504 1055 587 εὐθείας
1087 506 1156 595 ἄρα

136 612 223 680 εἰσὶν
251 615 288 679 αἱ
315 619 387 697 ΖΘ,
411 619 489 699 ΘΚ,
512 619 590 680 ΚΛ.
641 613 711 681 ἐπεὶ
739 605 803 681 οὖν
830 614 935 699 μέσον
963 614 1053 682 ἐστὶν
1081 614 1157 683 ἑκά-

101 744 233 805 5τερον
261 730 330 787 τῶν
358 727 439 806 ΑΔ,
463 726 542 804 ΒΕ,
570 724 629 787 καί
650 721 740 788 ἐστιν
768 729 843 789 ἴσον
866 719 904 788 τὸ
928 719 990 808 μὲν
1014 728 1085 787 ΑΔ
1107 724 1157 813 τῷ

136 832 214 912 ΗΘ,
238 828 275 896 τὸ
298 826 335 894 δὲ
358 833 423 893 ΒΕ
444 830 490 917 τῷ
509 832 592 912 ΝΛ,
615 828 719 915 μέσον
743 825 807 915 ἅμα
829 828 886 895 καὶ
909 827 1067 914 ἑκάτερον
1085 829 1157 893 τῶν

135 939 214 1017 ΗΘ,
232 939 313 1000 NA.
346 932 402 999 καὶ
419 929 509 1020 παρὰ
534 931 640 1020 ῥητὴν
662 930 723 1018 τὴν
748 939 820 1000 ΖΗ
837 932 1047 1021 παράκειται·
1071 933 1158 1021 ῥητὴ

135 1037 200 1123 ἅμα
224 1038 314 1107 ἐστὶν
338 1039 475 1126 ἑκατέρα
502 1043 570 1107 τῶν
600 1046 672 1125 ΖΘ,
696 1046 730 1106 Κ
734 1045 765 1105 A
791 1039 848 1106 καὶ
874 1037 1087 1127 ἀσύμμετρος
1114 1043 1156 1128 τῇ

136 1151 208 1212 ΖΗ
230 1145 335 1232 μήκει.
371 1146 428 1213 καὶ
453 1147 523 1214 ἐπεὶ
549 1144 738 1234 σύμμετρόν
762 1146 891 1214 ἔστιτὸ
915 1153 986 1214 ΑΔ
1008 1150 1054 1238 τῷ
1078 1152 1156 1230 ΒΕ,

82 1276 115 1324 10
136 1250 325 1339 σύμμετρον
353 1251 419 1341 ἄρα
450 1252 518 1319 ἐστὶ
547 1252 602 1319 καὶ
629 1250 667 1319 τὸ
697 1258 766 1320 ΗΘ
788 1256 833 1344 τῷ
857 1258 937 1321 NA.
983 1258 1043 1320 καί
1062 1253 1157 1320 ἐστιν

136 1354 180 1437 ὡς
203 1356 241 1425 τὸ
265 1363 334 1424 ΗΘ
357 1356 441 1446 πρὸς
464 1355 502 1425 τὸ
525 1363 612 1443 ΝΛ,
636 1357 743 1437 οὕτως
764 1356 785 1445 ἡ
811 1365 871 1427 ΖΘ
894 1356 976 1444 πρὸς
994 1356 1057 1445 τὴν
1076 1364 1156 1425 ΚΛ·

136 1462 322 1551 σύμμετρος
342 1463 408 1551 ἄρα
427 1464 518 1532 ἐστὶν
537 1461 558 1550 ἡ
578 1470 639 1531 ΖΘ
656 1467 696 1553 τῇ
715 1470 784 1532 ΚΛ
803 1464 908 1552 μήκει.
936 1468 974 1532 αἱ
992 1471 1063 1551 ΖΘ,
1084 1472 1119 1532 Κ
1123 1473 1157 1533 A

135 1567 202 1654 ἅμα
230 1570 330 1657 ῥηταί
356 1573 422 1637 εἰσι
449 1569 545 1658 μήκει
574 1569 769 1658 σύμμετροι·
798 1570 900 1659 ῥητὸν
928 1569 995 1659 ἄρα
1023 1572 1091 1640 ἐστὶ
1115 1570 1159 1639 τὸ

135 1673 201 1744 ὑπὸ
225 1679 293 1744 τῶν
318 1682 390 1762 ΖΘ,
409 1683 488 1745 ΚΛ.
529 1677 585 1744 καὶ
609 1678 678 1745 ἐπεὶ
702 1685 758 1764 ἴση
782 1678 873 1746 ἐστὶν
896 1675 917 1763 ἡ
940 1677 1002 1765 μὲν
1022 1684 1089 1745 ΔΒ
1112 1688 1157 1766 τῇ

82 1807 116 1855 15
136 1790 217 1869 BA,
240 1780 261 1868 ἡ
286 1782 323 1851 δὲ
346 1785 408 1860 ΞΒ
427 1787 466 1871 τῇ
486 1789 563 1871 ΒΓ,
587 1789 679 1852 ἔστιν
701 1782 767 1872 ἄρα
790 1781 836 1864 ὣς
858 1782 879 1871 ἡ
900 1791 966 1852 ΔΒ
984 1783 1068 1869 πρὸς
1091 1781 1157 1869 τὴν

135 1894 213 1974 ΒΓ,
237 1886 344 1969 οὕτως
366 1886 386 1975 ἡ
412 1897 476 1957 ΑΒ
500 1889 584 1978 πρὸς
605 1888 668 1976 τὴν
686 1893 754 1968 ΒΞ.
797 1887 871 1959 ἀλλ’
896 1888 942 1971 ὥς
964 1890 1026 1978 μὲν
1045 1888 1066 1977 ἡ
1086 1897 1158 1958 ΔΒ

135 1994 219 2084 πρὸς
245 1993 308 2082 τὴν
336 2001 412 2082 ΒΓ,
437 1994 543 2077 οὕτως
570 1996 608 2065 τὸ
631 2005 703 2065 ΔΑ
730 1996 813 2085 πρὸς
836 1999 873 2064 τὸ
896 2003 977 2064 ΑΓ·
1003 1994 1048 2077 ὥς
1071 1994 1157 2084 OM]

134 2110 201 2170 AB
224 2100 307 2189 πρὸς
329 2100 393 2189 τὴν
416 2105 493 2191 ΒΞ,
522 2101 629 2184 οὕτως
651 2102 689 2172 τὸ
709 2110 777 2171 ΑΓ
796 2101 879 2191 πρὸς
900 2102 938 2172 τὸ
961 2105 1032 2181 ΓΞ·
1062 2107 1157 2171 ἔστιν

135 2207 201 2297 ἄρα
229 2205 274 2289 ὡς
296 2209 334 2278 τὸ
358 2218 430 2278 ΔΑ
452 2209 535 2299 πρὸς
557 2209 596 2279 τὸ
620 2216 702 2297 ΑΓ,
731 2210 837 2291 οὕτως
859 2209 897 2278 τὸ
920 2217 990 2278 ΑΓ
1008 2208 1093 2293 πρὸς
1115 2212 1157 2278 τὸ

80 2337 115 2386 20
134 2318 202 2393 ΓΞ.
250 2324 326 2383 ἴσον
354 2317 394 2384 δέ
419 2319 489 2384 ἐστι
515 2316 553 2384 τὸ
582 2317 644 2404 μὲν
671 2325 744 2385 ΑΔ
770 2321 816 2408 τῷ
846 2323 928 2403 ΗΘ,
956 2315 993 2385 τὸ
1023 2314 1060 2383 δὲ
1088 2321 1162 2383 ΑΓ

133 2426 178 2513 τῷ
207 2428 302 2509 ΜΚ,
330 2419 368 2490 τὸ
397 2421 435 2491 δὲ
462 2425 525 2500 ΓΞ
549 2434 594 2515 τῷ
622 2431 706 2491 ΝΛ·
735 2428 826 2492 ἔστιν
853 2421 918 2508 ἄρα
947 2422 992 2504 ὡς
1018 2421 1057 2490 τὸ
1085 2428 1157 2491 ΗΘ

134 2527 218 2613 πρὸς
240 2527 278 2595 τὸ
302 2534 393 2612 MK,
417 2527 524 2609 οὕτως
546 2532 583 2596 τὸ
603 2537 682 2597 ΜΚ
703 2527 786 2618 πρὸς
807 2527 846 2599 τὸ
865 2537 948 2601 NA·
972 2534 1062 2597 ἔστιν
1087 2527 1156 2613 ἅμα

134 2634 189 2700 καὶ
217 2629 262 2712 ὡς
289 2631 310 2719 ἡ
334 2641 396 2701 ΖΘ
417 2633 500 2719 πρὸς
527 2633 589 2721 τὴν
613 2642 692 2722 ΘΚ,
722 2634 827 2716 οὕτως
849 2634 870 2722 ἡ
895 2643 964 2703 ΘΚ
983 2634 1067 2721 πρὸς
1089 2633 1156 2720 τὴν

134 2745 169 2806 Κ
174 2745 216 2806 A·
242 2735 279 2806 τὸ
302 2738 367 2827 ἄρα
391 2737 456 2809 ὑπὸ
475 2744 543 2810 τῶν
561 2748 632 2828 ΖΘ,
652 2750 686 2810 Κ
690 2749 721 2809 A
745 2750 821 2810 ἴσον
845 2743 913 2810 ἐστὶ
936 2746 982 2831 τῷ
1006 2738 1072 2808 ἀπὸ
1094 2745 1157 2827 τῆς

81 2868 115 2918 25
134 2852 208 2913 ΘΚ.
252 2845 355 2935 ῥητὸν
378 2846 416 2916 δὲ
438 2846 475 2916 τὸ
499 2845 565 2916 ὑπὸ
588 2853 657 2917 τῶν
681 2856 751 2934 ΖΘ,
770 2855 849 2916 ΚΛ·
880 2847 982 2936 ῥητὸν
1001 2845 1066 2932 ἅμα
1084 2847 1157 2915 ἐστὶ

133 2953 188 3020 καὶ
216 2949 254 3020 τὸ
280 2951 348 3023 ἀπὸ
375 2958 434 3040 τῆς
456 2961 534 3022 ΘΚ·
563 2952 646 3044 ῥητὴ
675 2953 741 3043 ἅμα
764 2955 855 3023 ἐστὶν
878 2951 899 3040 ἡ
924 2961 998 3022 ΘΚ.
1044 2954 1100 3021 καὶ
1124 2958 1159 3021 εἰ

133 3058 195 3146 μὲν
218 3059 405 3147 σύμμετρός
426 3063 496 3129 ἐστι
518 3066 558 3150 τῇ
579 3068 650 3129 ΖΗ
669 3061 776 3149 μήκει,
800 3060 902 3148 ῥητόν
927 3064 995 3129 ἐστι
1013 3063 1051 3127 τὸ
1071 3066 1157 3127 ΘΝ·

207 3224 232 3274 2.
257 3219 317 3273 ἴσον
341 3250 375 3259 -
398 3221 478 3290 ΚΝ]
504 3238 561 3290 mg.
585 3238 621 3275 m.
643 3227 657 3275 1
681 3221 716 3287 F,
747 3221 777 3274 in
800 3222 879 3275 textu
902 3216 976 3292 ἄλλῳ
999 3216 1077 3288 παρὰ
1100 3218 1157 3289 τὴν

135 3291 205 3413 N}
219 3287 371 3415 Affv'i‘s]
392 3292 618 3426 ἓῖῗςῖἶιτῧῗΡ
637 3296 915 3487 ff'zsshjuffi'ess
933 3293 1062 3431 ss'fflssi
1076 3292 1156 3433 ΚΗ

171 3429 245 3483 Ante
260 3427 329 3498 όητή
344 3431 489 3488 ras.5litt.
500 3430 535 3486 V.
588 3438 613 3487 8.
635 3430 722 3504 ἐστίν]
755 3432 798 3487 στὶ
808 3434 861 3486 καί
872 3432 905 3487 V.
961 3440 985 3490 9.
1009 3434 1059 3490 καὶ
1078 3430 1156 3504 ἐπεί]

135 3495 197 3555 ἐπεὶ
213 3493 264 3554 οὖν
279 3501 376 3556 Theon
392 3501 527 3573 (BFVb).
590 3509 630 3556 10.
647 3500 721 3558 ἐστίν
740 3503 771 3557 Ρ.
825 3500 868 3574 τό]
884 3503 995 3560 nm.
1049 3507 1111 3559 ΘΗ
1122 3506 1157 3560 Β.

68 3656 102 3672 h.
