2474 3908
386 163 661 219 ELRMENTORUM
678 163 787 214 LIBER
804 163 837 215 X.
1053 159 1118 224 349

100 311 194 373 tome
224 306 364 372 secunda
397 309 454 371 aut
486 309 576 371 recta
608 327 681 371 cum
709 304 815 371 medio
843 307 950 370 totum
977 302 1120 369 medium

106 413 259 478 efficiens.

173 518 351 584 Auferatur
369 519 457 583 enim
475 522 513 584 ut
531 518 566 582 in
579 518 692 614 figuris
706 517 774 581 iam
786 517 965 601 propositis
980 520 1025 601 [p.
1040 517 1119 598 347]

104 648 128 691 a
149 625 256 691 medio
280 628 347 690 ΒΓ
366 625 518 709 spatium
536 624 677 689 medium
700 627 769 688 BA
796 623 858 688 toti
884 623 1123 688 incommensu-

107 731 221 798 rabile.
267 731 354 816 dieo,
376 735 499 796 rectam
523 731 630 814 spatio
654 732 721 794 ΕΓ
740 729 908 814 aequalem
932 731 1123 816 quadratam

108 839 299 904 ulterutram
332 859 404 902 esse
435 839 598 902 rectarum
629 836 870 901 irrationalium
905 839 962 901 aut
997 836 1123 901 mediae
1230 824 1236 835 ’

108 948 284 1029 apotomen
311 944 486 1009 secundam
518 946 575 1008 aut
609 947 733 1008 rectam
771 963 843 1008 cum
875 941 984 1008 medio
1015 945 1123 1006 totum
1207 1007 1213 1016 ,

109 1051 253 1116 medium
276 1049 479 1115 efficientem.

97 1159 103 1168 '
177 1179 254 1222 nam
277 1156 432 1241 quoniam
454 1159 627 1240 utrumque
649 1159 722 1239 ΒΓ,
745 1160 814 1220 BA
836 1154 977 1221 medium
1001 1157 1065 1239 est,
1092 1158 1125 1218 et

111 1265 190 1345 ΒΓ,
213 1266 281 1326 BA
304 1259 693 1346 incommensurabilia1),
724 1261 876 1326 similiter
898 1261 1125 1326 concludemus

113 1370 158 1453 [p.
182 1369 261 1448 342,
289 1370 329 1434 19
355 1372 431 1455 sq.],
453 1374 625 1452 utramque
649 1372 724 1452 ΖΘ,
748 1372 816 1433 ΖΚ
837 1367 1032 1433 rationalem
1055 1388 1126 1432 esse

111 1480 144 1540 et
172 1477 280 1540 rectae
304 1479 375 1540 ZH
397 1474 602 1560 longitudine
629 1474 989 1539 incommensurabilsm
1018 1477 1127 1559 [prop.

111 1580 231 1662 XXH].
277 1586 311 1646 et
333 1582 486 1666 quoniam
511 1584 582 1665 ΒΓ,
605 1585 688 1663 ΒΛ,
711 1580 773 1645 hoc
797 1582 848 1644 est
869 1583 948 1663 ΗΘ,
973 1582 1057 1663 HK,
1079 1580 1127 1644 in-

112 1687 417 1753 commensurabilia
441 1690 524 1773 sunt,
547 1689 648 1754 etiam
671 1690 744 1770 ΘΖ,
765 1689 832 1751 ΖΚ
853 1687 1127 1752 incommensura-

112 1793 196 1858 biles
220 1792 399 1876 suntsVI,
424 1795 457 1877 13
480 1816 572 1878 prop.
594 1793 665 1875 ΧΠ.
710 1795 819 1877 itaque
843 1796 917 1877 ΖΘ,
940 1795 1007 1857 ΖΚ
1026 1794 1126 1858 ratio-

112 1900 204 1963 nales
233 1902 310 1964 sunt
340 1900 490 1983 potentia
518 1903 648 1964 tantum
680 1899 994 1964 commensurabiles.
1047 1920 1125 1984 ergo

113 2009 179 2069 ΚΘ
203 2009 354 2089 apotome
378 2010 429 2070 est
453 2008 558 2090 [prop.
581 2003 745 2085 LXXIII}

180 2111 246 2175 iam
270 2111 299 2176 si
317 2108 393 2175 ΖΘ2
412 2110 537 2176 excedit
555 2115 622 2176 ΖΚ
627 2108 640 2146 ²
658 2109 817 2195 quadrato
836 2114 942 2176 rectae
959 2110 1022 2175 sibi
1040 2131 1127 2176 eom·

113 2216 355 2301 mensurabilis,
387 2221 420 2282 et
447 2224 564 2283 neutra
591 2219 754 2294 rectarum
782 2220 858 2300 ΖΘ,
881 2220 949 2282 ΖΚ
975 2216 1128 2282 rationali
1180 2294 1185 2306 ·

534 2376 559 2428 o
594 2323 782 2410 propositae
821 2327 895 2388 ZH
925 2324 1127 2409 longitudine

595 2430 899 2496 commensurabilis
910 2434 967 2515 est,
977 2433 1044 2495 ΚΘ
1053 2452 1128 2515 apo·

595 2540 684 2603 tome
709 2541 759 2602 est
777 2537 876 2603 tertia
895 2538 1069 2619 [delitent.
1083 2537 1128 2618 3].

595 2664 710 2710 uerum
746 2646 816 2708 ΚΛ
857 2645 1027 2710 rationalis
1070 2647 1129 2729 est,

595 2751 820 2836 reetangulum
844 2755 951 2817 autem
969 2755 1058 2818 reeta
1076 2773 1128 2815 ra-

595 2857 712 2921 tionali
758 2860 792 2923 et
837 2863 988 2942 apotome
1029 2857 1129 2921 tertia

596 2963 864 3046 comprehensum
874 2964 1062 3028 irrationale
1071 2967 1129 3049 est,

597 3071 630 3132 et
647 3072 737 3133 recta
755 3068 785 3133 ei
804 3070 947 3154 aequalis
971 3070 1130 3155 quadrata

117 3174 318 3239 irrationalis
347 3178 412 3259 est,
442 3177 579 3238 uocatur
611 3178 719 3239 autem
747 3175 872 3242 mediae
902 3181 1053 3262 apotome
1082 3200 1129 3244 se-

382 2378 404 2427 Z
475 2377 503 2427 K

116 3051 496 3102 ΑΔΓΗΑ

194 3299 220 3366 1)
245 3294 314 3350 Cum
331 3294 419 3350 uerba
441 3293 491 3350 καὶ
508 3291 686 3366 ἀσύμμετρον
703 3292 736 3351 τὸ
755 3301 811 3353 ΒΓ
830 3298 869 3368 τῷ
887 3303 941 3354 BA
964 3299 1013 3356 lin.
1033 3304 1130 3354 e-10

118 3365 192 3420 nihil
205 3366 311 3421 faciant
325 3367 361 3422 ad
371 3366 621 3423 demonstrandum
629 3368 667 3436 id,
682 3369 757 3437 quod
772 3370 905 3439 sequitur,
919 3387 976 3426 non
989 3369 1130 3426 immerito

119 3435 303 3561 {haimino
323 3439 498 3496 omittuntur.
536 3439 686 3511 Gregorius
705 3440 801 3496 omisit
820 3439 899 3497 ἔσται
917 3440 966 3495 lin.
987 3447 1020 3496 10
1039 3473 1073 3482 —
1092 3441 1130 3514 τῷ

204 3526 240 3562 m.
297 3551 303 3564 .

1165 3600 1188 3663 1
