2474 3908
163 159 229 223 384
577 159 766 211 APPENDIX.

163 299 237 387 ήτοι
261 300 358 387 μήκει
381 298 509 386 δηλαδή
533 300 588 366 καὶ
608 298 749 385 δυνάμει
769 295 789 384 ή
810 299 953 385 δυνάμει
972 297 1096 384 μόνον.
1133 301 1187 366 καὶ

165 413 195 474 εἰ
222 408 283 495 μὲν
311 405 423 493 μήκει,
457 408 612 491 λέγονται
639 407 695 473 καὶ
723 403 821 473 αὐταὶ
850 405 947 492 ῥηταὶ
974 403 1075 491 μήκει
1109 405 1186 493 σύμ·

165 539 278 600 μετμοι
303 513 563 598 ἐτακουομένου,
588 511 639 579 ὅτι
662 513 717 579 καὶ
742 510 897 598 δυνάμει·
928 515 959 578 εἰ
981 511 1020 579 δὲ
1040 512 1185 600 δυνάμει

167 618 273 704 μόνον
309 618 392 706 πρὸς
429 615 574 705 ἀλλήλας
607 618 670 686 εἰσὶ
703 617 901 706 σύμμετροι,
939 618 1101 703 λέγονται
1133 621 1187 687 καὶ

131 722 263 800 nami
288 724 394 804 οὕτως
418 726 514 811 ῥηταὶ
539 724 681 811 δυνάμει
703 724 811 811 μόνον
835 724 1026 813 σύμμετροι.
1071 723 1127 792 ὅτι
1152 725 1187 793 δὲ

166 835 202 897 αἱ
228 833 326 919 ῥηταὶ
354 831 539 919 σύμμετροί
560 836 662 917 εἰσιν,
691 834 850 900 ἐντεῦθεν
874 835 990 917 δήλου·
1022 831 1096 899 ἐπεὶ
1121 831 1185 918 γάρ

165 939 266 1025 ῥηταί
285 942 371 1006 εἰσιν
395 941 432 1004 αλ
448 941 488 1025 τῇ
513 938 681 1026 ἐκκειμένή
701 939 783 1026 ῥητή
803 938 994 1025 σύμμετροι,
1019 935 1060 1004 τά
1081 939 1123 1007 δὲ
1141 943 1185 1030 τῷ

165 1041 253 1135 αὐτῷ
279 1043 449 1131 σύμμετρα
471 1044 527 1111 καὶ
555 1040 712 1130 άλλήλοις
739 1044 807 1111 ἐστὶ
832 1041 1018 1131 σύμμετρα,
1052 1047 1093 1112 αί
1121 1044 1187 1131 ἅμα

167 1150 262 1237 ῥηταὶ
287 1149 471 1237 σύμμετροί
491 1154 586 1219 εἰσιν.

659 1297 687 1359 7.

474 1402 526 1464 Ad
551 1401 624 1467 libr.
646 1400 676 1464 X
700 1423 792 1485 prop.
816 1402 868 1465 20.

113 1525 145 1574 10
598 1509 747 1591 Λήμμα.

225 1626 271 1692 Ἦ
292 1630 461 1715 δυναμένη
486 1626 611 1715 άλογον
634 1635 759 1716 χωρίον
783 1627 905 1713 άλομός
928 1629 1028 1697 ἐστιν.

232 1737 406 1803 Δυνάσθω
434 1735 498 1822 γάρ
527 1734 548 1822 ή
577 1745 609 1804 Α
641 1734 767 1821 άλομον
795 1742 935 1823 χωρίον,
962 1737 1119 1804 τουτέστι
1148 1739 1185 1806 τὸ

164 1838 230 1908 άτιὸ
250 1845 307 1927 τής
327 1854 357 1909 Α
375 1844 587 1929 τετράγωνον
607 1852 683 1911 ἴσον
702 1849 784 1910 ἔστω
804 1840 914 1933 άλόγῳ
935 1847 1054 1931 χωρίῳ.
1086 1846 1186 1929 λέγω,

165 1945 216 2014 ὅτι
238 1946 259 2034 ἡ
284 1959 315 2016 Α
338 1948 460 2035 ἄλογός
483 1950 582 2016 ἐστιν.

112 2076 145 2124 15
231 2060 276 2122 El
297 2055 360 2141 γάρ
385 2060 476 2123 ἔσται
500 2058 582 2141 ῥητή
612 2055 632 2141 ή
658 2066 702 2140 Α,
736 2055 839 2142 ῥητὸν
867 2061 959 2123 ἔσται
980 2055 1036 2120 καὶ
1059 2054 1102 2122 τὸ
1129 2055 1184 2124 ἀπ’

165 2159 267 2247 αὐτῆς
295 2160 518 2246 τετράγωνον·
558 2159 664 2242 οὕτως
691 2162 755 2248 γάρ
781 2166 898 2246 [ἐστιν]
925 2164 1055 2239 ἐντοῖς
1081 2160 1187 2249 ὅροις.

164 2266 225 2334 οὐκ
245 2272 313 2335 ἔστι
333 2269 383 2334 δέ·
408 2265 530 2352 άλομος
553 2266 617 2355 άρα
642 2271 732 2337 ἐστὶν
755 2296 775 2354 η
801 2278 845 2335 Α·
877 2265 956 2353 ὅπερ
977 2270 1045 2333 ἔδει
1065 2271 1187 2350 δεῖξαι.

360 2555 412 2618 Ad
436 2556 508 2620 libr.
532 2554 562 2618 X
585 2450 687 2640 prop}
699 2554 742 2620 23
767 2555 981 2620 corollarium.

230 2670 308 2736 σΕἰὶ
338 2671 375 2738 δὲ
402 2674 505 2740 πάλιν
531 2674 587 2740 καὶ
615 2673 713 2741 άλλαι
741 2671 888 2758 εὐθεῖαι,
923 2680 960 2742 αἳ
985 2679 1083 2762 μήκει
1121 2679 1183 2765 μὲν

163 2783 376 2867 ιζ*
287 2814 355 2869 Post
384 2807 449 2880 ἕεις
475 2832 503 2882 p
523 2821 570 2879 ω,
597 2820 628 2870 13
652 2814 793 2870 PBFVb
885 2821 909 2872 ε
934 2817 1003 2871 Post
1022 2817 1184 2889 σύμμετροι

162 2904 189 2956 p.
210 2890 252 2953 68,
272 2891 305 2940 22
325 2885 386 2953 PV,
405 2903 461 2956 mg.
480 2904 509 2940 m
528 2886 594 2942 213.

236 3018 259 3065 1
279 3013 331 3065 καί
365 3011 555 3080 (alt.)om.b.
628 3019 653 3066 2
674 3008 846 3098 §mmm
867 3011 899 3067 V
972 3019 997 3069 3
1018 3012 1140 3085 εἰ]οω
1159 3017 1185 3071 b

199 3088 223 3136 5.
245 3077 332 3144 οὕτως
365 3098 419 3136 om.
439 3083 551 3136 BFVb.
634 3083 702 3137 Post
721 3081 872 3153 σύμμετροι
892 3083 946 3138 del.
967 3082 1038 3139 εἰσιν
1056 3103 1096 3141 m
1119 3087 1184 3143 lP.

199 3172 295 3206 οτι-
316 3160 339 3207 6.
362 3152 445 3224 εἰσιν]
465 3171 521 3222 mg.
540 3171 577 3207 m.
598 3155 662 3208 lP.
736 3161 761 3208 6.
769 3152 932 3242 ἐντεῦθεν]
955 3151 1025 3210 έν·
1017 3173 1175 3213 mmm

165 3220 592 3311 1Ρ.δήλονέντευδενΕ.
668 3219 733 3278 &wel
768 3220 861 3294 aab,
885 3245 941 3296 mg.
962 3245 997 3282 m.
1018 3233 1096 3312 Ῑγρ
1120 3177 1185 3284 έπελ

163 3291 217 3362 γάρ
236 3289 284 3348 διὰ
308 3314 341 3348 το
366 3290 406 3368 βι’
425 3292 528 3350 τοῦιῖ
602 3302 626 3350 9.
658 3294 728 3350 εἰσιν
775 3293 828 3350 εἰσι
853 3298 883 3365 b,
910 3298 992 3353 ε·ἰσιν
1022 3291 1095 3368 ὅπερ
1123 3297 1182 3355 ἔδει

163 3364 259 3430 δεῖξαι
278 3365 311 3418 V.
386 3372 426 3421 11.
443 3361 493 3437 H]
513 3383 567 3421 om.
587 3368 622 3434 V,
641 3367 704 3422 add.
720 3385 795 3421 num
789 3365 854 3506 μ
928 3365 986 3423 ἐστι
1006 3368 1066 3437 BV,
1089 3387 1184 3458 qomp.

162 3436 217 3490 Fb.
293 3434 515 3525 13.έσονέστω]
536 3455 690 3506 suprascr.
710 3457 746 3494 m.
767 3444 783 3492 2
860 3456 914 3494 om.
934 3439 1014 3495 BFb.
1086 3438 1161 3511 άλόγ
1163 3463 1184 3497 ω

163 3508 265 3580 χωρίῳ]
288 3524 355 3564 corr
368 3524 401 3562 ex
415 3504 519 3577 άλονυν
535 3506 603 3564 ἔστω
619 3509 652 3577 V,
669 3505 772 3580 άλομον
788 3508 857 3564 ἔστω
871 3511 927 3580 Bb,
944 3509 1012 3565 ἔστω
1028 3507 1136 3581 άλογον
1144 3464 1183 3569 yF‘.
