2474 3908
397 153 671 205 maumonun
688 154 797 205 mana
815 155 848 206 x,
1064 153 1127 218 187

181 294 272 380 Ergo
301 299 378 360 ΔΗ
402 317 441 360 ex
469 295 595 362 duobus
622 295 808 362 nominibus
836 297 942 383 prima
970 301 1019 363 est
1043 272 1129 379 [deff.

114 403 171 468 alt.
197 404 245 487 1];
268 402 354 488 quod
377 406 447 467 erat
470 402 766 469 demonstrandum.

584 597 666 663 LXI.

182 720 383 797 Quadratum
407 723 514 786 rectae
538 743 577 786 ex
600 722 724 786 duabus
743 721 858 788 mediis
877 721 1001 806 primae
1019 727 1128 787 rectae

112 828 266 895 rationali
308 827 507 911 adplicatum
549 829 754 894 latitudinem
792 829 893 895 efficit
929 833 1053 894 rectam
1090 849 1128 892 ex

112 934 241 999 dnobus
263 933 449 998 nominibus
473 934 657 1000 secundam.

182 1039 232 1104 Sit
253 1044 319 1105 AB
346 1044 436 1104 reeta
469 1062 507 1104 ex
540 1041 665 1105 duabus
698 1039 811 1105 mediis
843 1039 950 1123 prima
976 1041 1012 1105 in
1039 1043 1071 1105 Γ
1093 1041 1129 1104 in

113 1146 239 1210 medias
261 1146 379 1230 diuisa,
403 1167 540 1230 quarum
564 1146 668 1211 maior
691 1147 734 1210 sit
757 1149 837 1229 ΑΓ,
861 1148 894 1210 et
915 1149 1057 1230 ponatur
1079 1168 1128 1210 ra·

123 1271 152 1322 Δ
254 1270 329 1320 ΚΜ
371 1269 403 1320 Ν
447 1271 477 1320 Η
514 1252 647 1317 tionalis
666 1256 744 1335 ΔΕ,
765 1256 798 1317 et
815 1255 922 1317 rectae
942 1256 1012 1317 ΔΕ
1028 1251 1128 1336 adpli-

270 1348 273 1541 ι
310 1402 313 1461 5
516 1364 605 1423 cetur
627 1359 785 1444 quadrato
804 1357 885 1423 AB²
904 1359 1038 1444 aequale
1056 1380 1128 1442 par·

310 1526 312 1531 .
516 1467 795 1551 allelogrammum
829 1469 894 1529 ΔΖ
923 1464 1127 1530 latitudinem

120 1555 148 1606 Ε
188 1556 193 1564 ’
257 1556 319 1608 ΘΛ
373 1555 401 1611 Ξ
453 1557 474 1605 Z
516 1573 655 1637 efficieris
675 1576 755 1637 AH.
793 1572 874 1654 dico,
898 1575 976 1636 AH
994 1571 1127 1636 exduc-

165 1658 432 1748 rl—i—ls
514 1679 574 1744 bus
597 1678 783 1744 nominibus
807 1678 980 1743 secundam
1000 1701 1078 1744 esse.

179 1807 255 1851 nam
265 1791 493 1872 comparentur
503 1786 622 1871 eadem,
638 1808 720 1872 quae
735 1787 768 1850 in
777 1786 884 1870 priore
894 1786 1126 1871 propositione.

113 1895 149 1956 et
176 1893 328 1976 quoniam
359 1897 426 1959 AB
455 1915 493 1958 cx
521 1893 645 1957 duabus
673 1874 787 1957 mediis
815 1893 920 1977 prima
952 1897 1003 1956 est
1034 1892 1068 1956 in
1099 1894 1132 1956 Γ

111 1996 233 2082 diuisa,
264 2001 345 2082 ΑΓ,
369 2002 429 2063 ΓΒ
458 1998 582 2063 mediae
611 2002 688 2062 sunt
715 1998 862 2081 potentia
889 2001 1018 2062 tantum
1043 2019 1127 2062 com·

110 2104 346 2170 mensurabiles
362 2105 503 2190 spatium
522 2105 681 2169 rationale
700 2103 1005 2187 comprehendentes
1021 2105 1126 2188 [prop.

110 2210 296 2293 XXXVIR.
334 2233 432 2296 quare
456 2211 556 2274 etiam
579 2208 672 2292 w,
696 2208 771 2275 ΓΒ2
794 2210 900 2275 media
923 2214 999 2274 sunt
1022 2213 1126 2294 [prop.

109 2315 215 2398 XXJ].
251 2317 360 2401 itaque
376 2321 445 2381 ΔΛ
465 2316 608 2380 medium
627 2320 685 2380 est.
714 2320 747 2380 et
764 2321 870 2380 rectae
889 2315 1042 2381 rationali
1060 2320 1128 2380 ΔΕ

111 2421 311 2507 adplicatum
340 2425 399 2489 est.
445 2423 554 2507 itaque
578 2426 656 2486 MA
683 2422 854 2487 rationalis
883 2426 934 2488 est
961 2427 994 2488 et
1020 2427 1126 2488 rectae

111 2532 184 2593 ΔΕ
195 2529 396 2614 longitudine
406 2528 744 2593 incommensurabilis
760 2527 991 2613 [prop.XXH].
1014 2553 1125 2596 rursus

111 2635 267 2719 qnoniam
281 2636 431 2701 2ΑΓ><
442 2636 502 2697 ΓΒ
517 2633 678 2698 rationale
694 2637 751 2713 est,
770 2634 867 2698 etiam
881 2638 954 2699 ΜΖ
968 2637 1125 2701 rationale

113 2743 173 2804 est.
217 2744 250 2805 et
271 2743 377 2805 rectae
405 2739 562 2804 rationali
584 2743 661 2804 ΜΛ
687 2740 884 2825 adplicatum
907 2744 965 2806 est
1015 2743 1125 2827 itaque

112 2845 214 2911 etiam
242 2848 326 2911 ΜΗ
348 2846 518 2911 rationalis
550 2849 599 2910 est
626 2850 659 2909 et
686 2849 793 2911 rectae
820 2850 896 2911 MA
923 2847 1126 2932 longitudine

110 2952 417 3018 commensurabilis
433 2954 538 3036 [prop.
552 2950 638 3037 XX],
650 2951 713 3017 hoc
728 2956 777 3016 est
789 2955 896 3017 rectae
911 2955 987 3016 ΔΕ.
1014 2953 1125 3036 itaque

112 3062 202 3140 AM,
225 3062 310 3123 ΜΗ
327 3057 531 3142 longitudine
554 3057 896 3122 incommensurabiles
920 3062 997 3122 sunt
1020 3060 1124 3144 [prop.

108 3162 217 3246 XIH].
255 3168 288 3230 et
307 3168 384 3229 sunt
402 3163 588 3229 rationales.
625 3164 734 3248 itaque
750 3167 836 3247 AM,
850 3167 929 3228 ΜΗ
946 3164 1124 3230 rationales

110 3273 190 3337 sunt
211 3271 361 3355 potentia
383 3274 513 3337 tantum
536 3270 852 3337 commensurabiles.
893 3292 971 3356 ergo
991 3274 1065 3336 ΔΗ
1087 3293 1126 3336 ex

107 3377 235 3443 (luobus
258 3376 445 3444 nominibus
469 3381 519 3442 est
543 3380 648 3462 [prop.
671 3375 836 3460 XXXVI}
