2474 3908
141 153 208 217 224
528 148 730 201 ΣΤοιΧΕΙκΝ
750 146 777 201 ι’.

142 299 177 366 ἐκ
201 295 265 364 δίο
290 291 465 381 ὀνομάτων
494 293 600 377 ἕκτην.
645 292 686 358 τά
715 289 746 358 δ’
772 284 932 377 εἰρημένα
960 287 1065 371 πλάτη
1091 289 1162 352 δια-

143 402 238 490 φέρει
260 405 379 469 τοῦτο
402 397 536 487 κρωτου
559 398 614 465 καλ
643 395 812 484 ἀλλήλων,
840 399 901 463 τοῦ
929 393 990 481 μέν
1013 391 1163 482 πρώτου,

144 507 196 578 ὅτι
220 506 303 594 ῥητή
328 509 434 593 ἐστιν,
463 504 618 591 ἀλλήλων
643 506 689 589 δέ,
718 502 770 572 ὅτι
799 506 839 591 τῆ
867 500 957 582 τάξει
987 497 1049 569 οὐκ
1073 500 1163 568 είσλν

143 618 180 682 αί
188 610 297 681 αὐταί·
314 611 397 681 ὥστε
407 613 462 680 καὶ
476 609 575 679 αὐταὶ
590 614 626 678 αί
634 609 753 696 άλογοι
764 608 985 697 διαφέρουσιν
995 603 1181 702 ἀλλήλων..

108 846 124 896 5
622 847 686 906 ογ.

216 947 306 1017 ’Βάυ
343 944 420 1015 ἀπὸ
457 949 576 1033 ῥητῆς
612 943 707 1032 ρητῆ
751 941 952 1033 ἀφαιρεθῇ
992 942 1167 1032 δυνάμει

145 1056 271 1143 μόνον
295 1055 521 1142 σύμμετρος
544 1044 643 1121 οὖσα
665 1054 710 1140 τῆ
735 1049 819 1140 ὅλη,
842 1048 863 1138 ῆ
883 1050 999 1137 λοιτῆ
1020 1049 1167 1137 άλογός

11 1169 121 1259 »Cu
146 1167 269 1232 ἐστιν·
302 1167 502 1229 καλείσθω
527 1158 569 1226 δέ
590 1156 779 1258 Q

217 1269 295 1336 Ἀπὸ
325 1269 388 1354 γὰρ
418 1268 520 1354 ῥητῆς
547 1268 606 1351 τῆς
634 1272 699 1331 ΑΒ
727 1265 809 1351 ῥητή
837 1261 1028 1353 ἀφῃρήσθω
1056 1264 1078 1353 ῆ
1104 1274 1171 1336 ΒΓ

94 1398 128 1447 10
147 1376 289 1462 δυνάμει
312 1373 420 1460 μόνον
445 1371 630 1458 σύμμετρος
654 1363 740 1438 οὖσα
762 1376 801 1460 τῆ
826 1369 901 1460 ὅλη·
939 1371 1040 1458 λέγω,
1069 1370 1120 1441 ὅτι
1146 1371 1168 1461 ῆ

147 1485 246 1568 λοιπὴ
270 1478 292 1566 ῆ
317 1484 385 1546 ΑΓ
404 1476 527 1563 άλογός
551 1479 641 1544 ἐστιν
664 1475 685 1562 ῆ
709 1478 899 1566 καλουμένη
924 1475 1085 1566 ἀποτομή.

218 1586 306 1654 Ἐπεὶ
330 1584 393 1671 γάρ
418 1582 628 1672 ἀσύμμετρός
651 1585 741 1651 ἐστιν
767 1583 787 1671 ῆ
812 1591 878 1652 ΑΒ
905 1589 945 1674 τῆ
969 1592 1035 1654 ΒΓ
1059 1585 1169 1674 μήκει,

147 1699 205 1761 καί
226 1695 316 1761 ἐστιν
340 1690 386 1770 ὡς
407 1688 428 1777 ῆ
453 1698 519 1758 ΑΒ
543 1688 625 1777 πρὸς
648 1692 710 1776 τήν
733 1696 805 1776 ΒΓ,
830 1689 936 1773 οὕτως
957 1691 994 1761 τὸ
1019 1689 1086 1760 ἀπὸ
1110 1704 1170 1780 τῆς

148 1808 212 1867 AB
236 1798 320 1887 πρὸς
342 1797 380 1866 τὸ
405 1795 470 1865 ὑπὸ
490 1801 559 1865 τῶν
580 1803 656 1882 ΑΒ,
674 1802 747 1883 ΒΓ,
771 1796 985 1888 ἀσύμμετρον
1008 1797 1076 1888 ἄρα
1099 1799 1169 1868 ἐστὶ

96 1928 130 1979 15
148 1903 185 1975 τὸ
210 1905 274 1974 ἀπὸ
298 1909 357 1993 τῆς
381 1912 445 1971 AB
469 1909 514 1996 τῷ
538 1902 604 1972 ὑπὸ
623 1908 690 1971 τῶν
715 1912 796 1991 ΑΒ,
821 1910 891 1974 ΒΓ.
932 1903 1017 1974 ἀλλὰ
1036 1910 1083 1998 τῷ
1107 1906 1170 1994 μέν

148 2010 213 2081 ἀπὸ
236 2016 295 2099 τῆς
318 2000 384 2079 ΑΒ
406 2009 577 2099 σύμμετρά
601 2013 669 2078 ἐστι
693 2009 733 2079 τά
758 2007 823 2079 ἀπὸ
847 2014 914 2080 τῶν
938 2019 1016 2100 ΑΒ,
1035 2019 1102 2081 ΒΓ
1120 2039 1170 2082 τε·

148 2117 315 2206 τράγωνα,
339 2122 383 2210 τῷ
409 2116 446 2186 δέ
469 2114 535 2185 ὑπὸ
557 2128 625 2186 τῶν
651 2124 727 2202 ΑΒ,
747 2123 814 2185 ΒΓ
832 2117 1023 2207 σύμμετρόν
1043 2121 1112 2188 ἐστι
1131 2118 1170 2188 τὸ

150 2226 203 2306 δὶς
231 2223 297 2293 ὑπὸ
325 2228 393 2291 τῶν
424 2230 506 2308 ΑΒ,
530 2230 600 2292 ΒΓ.
651 2225 707 2291 καὶ
735 2222 911 2310 ἐπειδήπερ
939 2222 979 2291 τὰ
1007 2223 1071 2293 ἀπὸ
1100 2230 1170 2295 τῶν

149 2338 227 2416 ΑΒ,
247 2336 313 2398 ΒΓ
332 2337 388 2396 ίσα
413 2329 482 2397 ἐστὶ
504 2333 550 2420 τῷ
575 2329 627 2410 δὶς
649 2331 716 2398 υττδ
734 2334 803 2397 τῶν
821 2336 898 2415 ΑΒ,
918 2336 985 2398 ΒΓ
1003 2335 1085 2419 μετὰ
1109 2336 1171 2402 τοῦ

98 2460 132 2511 20
151 2435 216 2504 ἀπὸ
239 2442 318 2523 ΓΑ,
341 2435 397 2502 καὶ
420 2439 525 2527 λοιπῷ
550 2434 616 2524 ἀρα
639 2440 684 2527 τῷ
709 2433 774 2505 άιιὸ
804 2440 861 2523 τῆς
884 2442 954 2504 ΑΓ
976 2433 1171 2526 ἀσύμμετρά

152 2545 221 2610 ἐστι
244 2540 283 2609 τά
308 2539 373 2609 ἀκὸ
397 2552 465 2609 τῶν
490 2549 566 2626 ΑΒ,
587 2547 656 2611 ΒΓ.
694 2543 777 2629 ῥητὰ
802 2542 840 2612 δὲ
861 2540 902 2610 τά
920 2541 986 2613 ἀπο
1005 2548 1074 2613 τῶν
1093 2552 1172 2633 AB,

225 2724 248 2774 1.
268 2713 303 2772 τά
323 2714 365 2789 δ’]
391 2713 455 2772 ἐπεὶ
474 2709 524 2773 οὖν
544 2715 578 2772 τά
598 2718 696 2774 Theon
716 2720 851 2790 (BFVb).
925 2720 1172 2846 είρημένα]εί-θ
1198 2690 1204 2701 ι

153 2806 222 2846 corr.
243 2791 275 2844 V.
331 2795 355 2846 3.
375 2789 422 2861 τῇ]
443 2806 496 2845 om.
517 2790 547 2852 F.
602 2795 627 2846 4.
648 2786 732 2862 ὥστε]
752 2792 839 2861 δῆλον
858 2788 896 2855 ὡς
914 2793 1013 2847 Theon
1033 2794 1066 2862 (Β

190 2866 213 2918 5.
234 2861 297 2929 Seq.
318 2862 439 2930 δευτέρα
458 2858 536 2927 τάξις
555 2855 659 2929 ἑτέρων
677 2859 768 2931 λόγων
789 2866 854 2932 (om.
869 2865 898 2933 b)
917 2865 974 2917 τῶν
993 2861 1067 2918 κατά
1082 2860 1172 2953 ἀφαί-

154 2952 229 3004 ρεσιν
248 2933 355 2988 PBVb
373 2932 499 3001 (uidetur
521 2932 606 2986 fuisse
631 2932 661 2986 in
683 2934 719 3000 F,
749 2934 798 2988 sed
817 2936 884 2990 sust.
903 2936 1068 3005 reparatio);
1099 2934 1173 3007 αρηή

153 3006 209 3059 τῶν
229 3000 294 3059 κατ’
317 3000 469 3076 ἀφαίρεσιν
489 2998 598 3070 ἕξάδων
617 3021 654 3056 m.
675 3010 690 3058 2
710 3005 740 3059 Β.
802 3004 861 3076 ον’]
881 3009 980 3076 postea
998 3006 1063 3061 add.
1083 3008 1105 3061 F
1126 3009 1174 3078 (ab

153 3075 236 3130 initio
260 3076 331 3131 haec
354 3094 434 3165 ρεορ.
458 3075 725 3146 apmecedentibus
749 3075 890 3204 διτοωρλε
913 3094 968 3132 non
991 3079 1073 3148 erat).
1149 3085 1173 3135 7.

156 3147 206 3216 τῆ]
230 3162 285 3202 om.
305 3146 331 3200 b.
408 3143 547 3217 ηλοιιτή]
571 3147 667 3215 λοικῆι
686 3147 716 3201 Γ.
793 3153 817 3203 8.
854 3148 983 3216 ovtBV,
1007 3166 1099 3220 comp.
1119 3149 1173 3205 Fb.

1101 2794 1172 2865 Vb).

191 3213 240 3286 δέ]
267 3212 303 3286 δή
326 3215 358 3270 Β.
432 3222 456 3271 9.
480 3213 583 3288 ῥητῆς]
609 3218 703 3286 διττῆς
720 3217 750 3273 Γ.
824 3220 894 3291 ΒΓ]
919 3223 969 3274 ΓΒ
988 3219 1019 3275 F.
1094 3217 1173 3290 11.ῆ

156 3284 336 3356 καλουμένη]
360 3289 504 3341 καλείσθω
524 3285 557 3341 δέ
578 3288 609 3342 V.
693 3294 735 3344 12.
755 3286 948 3362 ἀσύμμετρος]
973 3307 1043 3347 corr.
1065 3309 1099 3347 ex
1118 3286 1174 3363 ἄρα

157 3353 311 3427 σύμμετρος
329 3375 365 3410 m.
384 3374 438 3412 rec.
458 3357 493 3424 P,
518 3373 552 3411 ex
571 3354 725 3429 σύμμετρος
747 3378 784 3415 m.
805 3367 820 3414 2
840 3362 872 3416 Β.
942 3357 971 3448 .ῆ
992 3367 1042 3415 ΑΒ
1067 3363 1100 3434 τῆ
1121 3365 1177 3417 ΒΓ

158 3421 336 3498 ἀσύμμετρός
355 3423 413 3483 ἐστι
433 3427 464 3482 V.
539 3434 581 3483 13.
601 3427 666 3501 τήν]
685 3429 735 3493 τάς
754 3431 783 3485 Γ.
854 3437 895 3487 14.
915 3430 1108 3505 άσυμμετρον]
1129 3453 1173 3489 -ον

158 3514 173 3554 e
196 3515 265 3555 corr.
288 3499 327 3568 V,
352 3515 422 3556 corr.
442 3515 476 3555 ex
500 3519 543 3563 -ος
566 3518 601 3554 m.
626 3517 680 3556 ree.
704 3501 735 3557 P.
816 3508 857 3557 16.
882 3500 1028 3576 σύμμετρα
1047 3535 1082 3546 -
1101 3503 1170 3576 τῶν]
