2474 3908
165 179 229 245 196
550 172 797 231 ενοωωιαπι,

231 318 502 390 Κατεσκευάσθω
521 346 561 387 τα
585 317 670 388 αότα
689 330 760 398 τοϊς
777 320 842 406 πρὸ
861 316 992 386 τούτου.
1032 318 1104 386 ἐπεὶ
1125 308 1184 387 οὖν

165 427 267 517 ῥητὸν
295 427 350 495 καί
383 428 486 513 μέσον
521 428 691 513 δυναμένη
725 424 816 492 ἐστὶν
847 420 869 510 ἡ
897 432 963 494 AB
996 427 1184 514 διῃρημένη

164 562 248 604 κατα
271 561 308 603 το
332 540 371 619 Γ,
394 535 431 600 αί
450 539 525 618 ΑΓ,
545 539 605 601 ΓΒ
624 530 690 619 άρα
709 530 852 619 δυνάμει
871 530 959 599 εἰσὶν
977 528 1185 621 ἀσύμμετροι

164 645 322 709 ποιοῦσαι
342 639 380 708 τὸ
400 639 461 726 μὲν
481 644 700 725 συγκείμενον
723 640 760 707 έιι
777 641 846 706 τῶν
865 633 918 705 ἀπ’
939 633 1055 706 αὐτῶν
1074 663 1185 726 τετρα-

130 747 288 833 ογάνων
315 748 435 834 μέσον,
463 743 501 813 τό
526 742 555 813 δ’
580 741 633 812 ὑπ’
660 742 772 813 αὐτῶν
796 742 907 832 ῥητόν.
948 743 1020 812 ἐπεὶ
1046 736 1115 817 οὖν
1137 745 1187 832 μέ

166 873 229 921 σον
257 854 325 921 ἐστὶ
351 851 390 920 τὸ
418 857 637 938 συγκείμενον
665 853 701 919 ἐκ
728 853 797 918 τῶν
823 847 891 918 άπὸ
913 853 983 917 τῶν
1007 855 1091 937 ΑΓ,
1116 859 1187 937 ΓΒ,

166 960 270 1047 μέσον
294 958 360 1044 άρα
384 958 452 1027 ἐστὶ
475 955 513 1025 τὸ
537 964 620 1025 ΔΛ·
654 955 739 1025 ὥστε
761 955 846 1044 ῥητή
870 958 960 1024 ἐστιν
982 952 1003 1042 ἡ
1029 964 1120 1025 AM
1136 959 1187 1026 καλ

166 1065 262 1153 μήκει
285 1063 494 1152 ἀσύμμετρος
516 1067 557 1151 τῇ
581 1070 658 1131 ΔΒ.
697 1061 811 1148 πάλιν,
834 1063 903 1131 έπελ
927 1060 1032 1149 ῥητόν
1057 1064 1130 1131 έστι
1152 1063 1186 1133 τό

166 1172 219 1252 δὶς
240 1169 308 1240 ὑπὸ
332 1175 401 1239 τῶν
420 1174 529 1253 ΑΓΒ,
552 1170 703 1236 τουτέστι
720 1167 758 1236 τὸ
778 1175 862 1252 ΜΖ,
885 1168 967 1254 ῥητὴ
986 1165 1054 1255 ἄρα
1072 1166 1096 1256 ἡ
1116 1176 1192 1239 ΜΗ

113 1300 147 1347 10
165 1277 221 1345 καὶ
249 1276 434 1364 σύμμετρος
461 1286 500 1364 τῇ
529 1282 606 1342 ΔΕ.
651 1273 860 1361 ἀσύμμετρος
891 1271 958 1360 άρα
987 1270 1009 1360 ἡ
1039 1283 1127 1344 AM
1150 1280 1187 1365 τῇ

166 1389 258 1450 ΜΗ·
295 1385 333 1449 αἱ
358 1389 451 1467 AM,
479 1388 562 1449 ΜΗ
586 1378 651 1469 ἄρα
679 1382 780 1468 ῥηταί
805 1384 870 1448 είσι
903 1378 1047 1467 δυνάμει
1079 1382 1188 1468 μόνον

167 1487 364 1574 σύμμετροι·
397 1489 433 1555 ἐκ
457 1486 520 1555 δύο
544 1484 610 1575 άρα
634 1485 811 1573 ὀνομάτων
833 1486 924 1555 ἐστὶν
945 1481 966 1573 ἡ
991 1495 1076 1558 AH.

234 1594 332 1680 Λέγω
356 1593 411 1681 δή,
436 1591 487 1662 ὅτι
509 1595 565 1661 καί
588 1594 725 1681 πέμπτη.

230 1696 369 1785 Ὁμοίως
395 1700 460 1786 γάρ
490 1699 718 1788 δειχθήσεται,
746 1697 798 1768 ὅτι
824 1698 863 1768 τὸ
888 1697 953 1768 ὑπὸ
976 1710 1047 1769 τῶν
1071 1708 1192 1770 ΔΚΜ

117 1828 150 1876 15
170 1813 246 1873 ίσον
270 1807 339 1873 ἐστὶ
361 1811 406 1898 τῷ
431 1805 496 1875 άπὸ
519 1811 578 1893 τῆς
595 1813 686 1891 ΜΝ,
708 1807 765 1875 καί
788 1803 997 1894 ἀσύμμετρος
1014 1803 1037 1893 ἡ
1057 1816 1136 1877 AK
1149 1812 1187 1898 τῇ

169 1919 253 1980 ΚΜ
270 1912 379 1999 μήκει·
417 1911 437 1999 ἡ
463 1921 545 1981 AM
562 1911 628 1997 άρα
655 1915 714 1998 τῆς
737 1919 821 1979 ΜΗ
838 1919 951 1999 μεῖζον
975 1911 1121 1982 δύναται
1144 1916 1188 2006 τῷ

168 2016 234 2087 άπὸ
261 2017 475 2108 άσυμμέτρου
502 2019 612 2106 ἑαυτῇ.
648 2024 708 2086 καί
730 2021 816 2087 είσιν
839 2022 877 2086 αι’
898 2007 990 2105 ΔΜ,
1013 2026 1100 2087 ΜΗ
1121 2022 1188 2109 [ρη

167 2127 234 2211 ταί]
260 2126 401 2213 δυνάμει
424 2126 532 2214 μόνον
555 2125 748 2213 σύμμετροι,
772 2125 828 2193 καὶ
850 2124 871 2213 ἡ
896 2124 1050 2194 ἐλάσσων
1068 2123 1090 2213 ἡ
1110 2132 1190 2195 ΜΗ

169 2232 356 2320 σύμμετρος
378 2237 417 2320 τῇ
443 2240 476 2298 A
482 2240 514 2299 E
534 2231 639 2319 μήκει.
1215 2246 1221 2257 ’

115 2358 150 2408 εο
230 2337 276 2404 Ἡ
301 2343 377 2404 AH
397 2336 463 2426 άρα
486 2335 523 2405 ἐκ
547 2342 609 2407 δύο
634 2334 810 2426 ὀνομάτων
833 2335 903 2407 ἐστὶ
925 2341 1069 2426 πέμπτη·
1108 2338 1189 2427 ὅπερ

169 2447 237 2511 έδει
261 2444 373 2524 δείξαι.
651 2533 693 2614 ξ,

669 2558 702 2600 ε.

240 2650 290 2720 Τὸ
318 2649 391 2720 άπὸ
418 2656 486 2739 τῆς
514 2653 586 2722 δύο
615 2656 713 2742 μέσα
741 2657 969 2743 δυναμένης
995 2656 1101 2746 παρά
1127 2662 1190 2748 ρη·

169 2757 240 2846 τὴν
262 2758 618 2847 παραβαλλόμενον
647 2761 794 2841 πλάτος
821 2775 932 2830 ποιεῖ
958 2758 1029 2848 την
1050 2761 1094 2833 ἐκ
1119 2764 1191 2834 δύο

117 2886 151 2936 25
171 2862 377 2953 ὀνομάτων
401 2867 526 2955 ἕκτην.

229 2971 337 3041 Ἔστω
366 2976 427 3041 δύο
455 2976 539 3061 μέσα
569 2973 737 3060 δυναμένη
762 2970 868 3059 ἡΛΒ
892 2974 1078 3064 διηρημένη
1106 2974 1190 3045 κατὰ

170 3076 209 3146 τὸ
236 3084 278 3164 Γ,
308 3080 390 3167 ῥητὴ
418 3079 455 3147 δὲ
482 3085 565 3147 έστω
593 3076 614 3167 ἡ
642 3087 724 3166 AE,
753 3080 808 3147 καὶ
836 3082 928 3170 παρὰ
954 3080 1017 3169 τὴν
1043 3088 1118 3150 AE
1145 3086 1190 3178 τῷ

244 3243 268 3292 1.
288 3234 513 3293 αατασαενάσθω
527 3239 561 3294 V.
590 3239 697 3295 Deinde
716 3240 781 3294 add.
798 3236 852 3309 γάρ
870 3239 932 3296 FV.
1000 3236 1056 3311 πρὸ
1075 3238 1189 3313 τούτου]

171 3303 318 3376 πρότερον,
338 3325 407 3364 corr.
426 3326 462 3364 m.
482 3316 508 3376 2,
527 3311 557 3364 F.
629 3316 655 3364 4.
674 3309 853 3381 τετράγωνον
872 3312 902 3380 Γ,
922 3328 991 3367 corr.
1011 3328 1049 3367 m.
1069 3318 1096 3369 2.
1166 3319 1190 3368 ὅ.

172 3375 207 3431 δέ
225 3378 256 3432 Γ.
330 3385 353 3433 7.
373 3379 422 3433 καί
441 3376 473 3433 τό
492 3381 518 3434 b.
593 3385 616 3434 8.
636 3380 682 3451 τῇ]
702 3377 719 3450 ἡ
739 3383 766 3437 b.
831 3388 856 3438 9.
875 3387 936 3450 ΑΓ,
956 3383 1048 3437 ΓΒΒ
1070 3385 1101 3440 et
1121 3401 1190 3441 corr.

172 3447 203 3501 in
223 3452 303 3502 ΑΒΓ
319 3447 354 3503 V.
427 3455 468 3506 10.
492 3452 561 3506 Post
579 3454 635 3504 AE
653 3450 717 3508 add.
738 3448 821 3522 μήκει
844 3471 881 3508 m.
900 3459 917 3507 2
937 3454 969 3508 B.
1043 3459 1087 3510 11.
1112 3455 1190 3527 AM]

172 3517 202 3571 in
219 3535 273 3573 ras.
291 3518 325 3574 V.
399 3528 440 3577 17.
460 3519 628 3592 συμμέτρου,
648 3524 696 3577 sed
715 3539 794 3593 corr„
814 3524 895 3579 BFb.
969 3519 1068 3597 ὀηταί]
1090 3543 1146 3583 om.
1161 3527 1190 3596 P,
