2474 3908
351 161 626 212 annuauroaun
643 161 753 212 arnan
770 162 803 214 n.
1018 157 1081 222 297

72 310 105 369 et
128 305 282 388 quoniam
302 303 606 387 demonstrauimus,
629 307 689 368 AI
709 306 742 368 et
762 307 829 367 ZK
850 304 1084 368 incommensu·
1202 355 1205 360 .

71 411 190 476 rabilia
213 433 292 495 esse,
316 411 414 475 etiam
431 408 521 492 110²,
538 407 622 474 ΟΝ2
640 410 982 476 incommensurabilis
1002 414 1086 474 sunt.

72 518 182 601 itaque
205 521 287 599 AO,
313 521 385 582 ΟΝ
403 517 552 601 potentia
574 516 918 582 incommensurabiles
942 519 1018 581 sunt
1042 515 1086 579 ef·
1195 557 1197 561 ψ

73 625 218 690 ficientes
253 646 413 690 summam
446 623 678 707 quadratorum
710 623 919 707 rationalem,
952 623 1087 706 duplum

75 736 183 796 autem
198 732 425 816 reetangulum
439 731 588 795 medium.
618 751 716 814 quare
730 733 806 794 AN
820 729 1018 793 irrationalis
1038 732 1088 793 est

75 839 189 922 minor,
214 858 296 922 quae
319 841 454 903 uocatur
479 841 583 922 [prop.
605 835 765 918 LXXVIJ.
803 840 836 900 et
862 833 1088 900 AN2=Au

140 944 229 1031 Ergo
260 949 350 1010 recta
378 944 486 1028 spatio
515 948 581 1008 AB
613 944 758 1028 aequalis
790 943 950 1034 quadrata
983 942 1089 1008 minor

29 1066 31 1068 ’
74 1056 136 1136 est3
161 1053 247 1135 quod
271 1055 342 1116 erat
366 1051 661 1116 demonstrandum.

532 1226 632 1294 XOV.

144 1351 179 1417 Si
203 1354 345 1437 spatium
368 1356 457 1418 reeta
476 1353 631 1418 rationali
650 1357 683 1417 et
703 1358 854 1436 apotome
874 1353 989 1434 quinta
1007 1373 1091 1416 com·

75 1461 301 1545 prehenditur,
333 1464 423 1525 recta
447 1460 553 1543 spatio
578 1459 723 1543 aequalis
748 1458 906 1542 quadrata
928 1461 1017 1522 recta
1043 1461 1093 1522 est

76 1590 149 1633 eum
172 1568 328 1632 rationali
351 1570 457 1632 totum
480 1566 623 1631 medium
647 1565 801 1631 efficiens.

144 1673 294 1758 Spatium
318 1674 405 1737 enim
424 1677 490 1737 AB
513 1677 601 1738 reeta
624 1673 779 1738 rationali
797 1677 866 1737 ΛΓ
885 1675 917 1736 et
941 1676 1092 1756 apotome

77 1782 192 1866 quinta
216 1786 287 1844 ΑΔ
310 1779 611 1863 comprehendatur.
648 1779 730 1863 dico,
753 1783 876 1843 rectam
901 1780 1007 1862 spatio
1026 1783 1092 1843 ΑΒ

78 1886 246 1970 aequalem
270 1885 460 1970 quadratam
485 1887 607 1949 rectam
632 1907 701 1949 esse
725 1907 798 1950 cum
817 1885 969 1950 rationali
987 1889 1094 1950 totum

78 1994 222 2059 medium
246 1991 450 2058 efficientem.

146 2122 224 2164 nam
252 2102 328 2163 ΔΗ
345 2101 454 2162 rectae
477 2102 548 2161 ΑΛ
575 2117 757 2180 congruens
786 2096 836 2161 sit.
882 2097 993 2181 itaque
1017 2103 1095 2182 ΑΗ,

80 2211 120 2272 H
121 2211 155 2270 A
173 2205 348 2269 rationales
368 2207 445 2268 sunt
462 2203 609 2286 potentia
630 2205 759 2266 tantum
778 2205 1095 2289 commensurabiles,

269 2349 294 2397 A
378 2346 403 2397 Ε
441 2346 462 2395 Z
500 2384 529 2434 Η
560 2315 593 2375 et
625 2329 806 2395 congruens
837 2313 909 2376 HA
941 2312 1096 2376 rationali

280 2426 282 2533 J
560 2417 748 2502 propositae
786 2423 817 2483 A
828 2421 860 2483 Γ
891 2418 1096 2503 longitudine

88 2600 113 2649 F
280 2533 282 2619 l
388 2633 413 2687 Θ
450 2639 466 2686 I
502 2601 530 2651 K
562 2525 864 2699 pommeppiurabilip
879 2530 938 2699 opt,
956 2530 1026 2592 tota
1041 2550 1098 2700 alah

579 2657 629 2699 em
778 2656 840 2718 qua
863 2657 936 2699 raa
973 2657 1082 2699 exee1

336 2782 361 2837 N
435 2781 457 2836 0
563 2744 793 2828 congruentem
825 2745 858 2804 Δ
865 2745 904 2805 Η
937 2741 1095 2825 quadrato

562 2852 669 2913 rectae
684 2848 746 2912 sibi
759 2845 1097 2912 incommensurabilis

564 2954 650 3035 [deff.
663 2956 738 3018 tert.
749 2954 793 3034 5].
816 2954 926 3036 itaque
942 2951 970 3016 si
984 2948 1098 3035 ΜΗ2

564 3059 699 3143 aequale
713 3064 820 3124 rectae
834 3063 905 3123 AH
915 3058 1098 3141 adplicatur

564 3165 707 3249 spatium
735 3164 841 3249 figura
864 3163 1024 3252 quadrata
1047 3164 1099 3229 de·

562 3271 688 3356 ficiens,
711 3272 744 3336 in
768 3276 877 3355 partes
901 3272 1099 3336 incommen-

564 3379 725 3443 surabiles
751 3400 824 3444 eam
848 3379 971 3444 diuidet
996 3380 1099 3461 [prop.

84 3487 222 3570 XVIIIJ.
256 3493 326 3553 ΔΗ
338 3489 439 3575 igitur
453 3487 487 3551 in
501 3489 622 3570 puncto
640 3489 671 3550 E
683 3487 718 3550 in
731 3485 811 3550 duas
825 3488 934 3568 partes
949 3484 1100 3567 aequales
