2474 3908
515 193 704 245 urrnumx.
1055 193 1121 258 403

107 336 221 400 rabilis
245 340 294 401 est
319 335 404 417 [deff.
419 337 474 400 alt.
490 338 534 417 ll.
571 358 649 422 ergo
668 340 740 400 ΑΛ
763 341 915 421 apotome
939 340 989 402 est
1007 337 1121 422 prima.

110 441 260 507 similiter
283 442 384 526 igitur
407 441 549 525 reliquas
573 464 700 526 quoque
724 446 893 526 apotomas
919 442 1121 508 inueniemus

107 548 264 631 expositis
288 549 385 614 reotis
410 570 449 613 ex
468 549 592 614 duobus
611 549 800 614 nominibus
821 549 962 614 eiusdem
980 549 1121 632 numeri;

109 655 195 738 quod
218 659 288 719 erat
310 655 605 721 demonstrandum.

589 905 610 967 2
634 953 641 969 .

330 1086 336 1102 x
410 1009 462 1073 Ad
485 1010 558 1076 libr.
582 907 726 1095 X4prop.
753 1011 825 1075 115.

547 1116 685 1182 Aliter.

175 1237 224 1305 Sit
247 1242 317 1304 ΑΓ
336 1241 450 1305 media.
492 1242 573 1325 dico,
597 1242 638 1305 ab
663 1244 731 1306 ΑΓ
749 1241 953 1307 irrationales
979 1241 1121 1306 infinitas

107 1367 242 1412 numero
267 1345 354 1430 oriri,
378 1350 410 1410 et
432 1348 558 1412 nullam
582 1347 642 1412 ulli
665 1347 810 1431 priorum
834 1347 974 1411 similem
998 1368 1077 1411 esse.

172 1451 320 1517 Duoatur
343 1456 408 1517 AB
432 1452 472 1517 ad
497 1456 565 1518 ΑΓ
583 1453 873 1539 perpendicularis,
897 1456 929 1517 et
952 1453 1121 1518 rationalis

107 1559 150 1623 sit
173 1563 248 1643 ΑΒ,
272 1563 306 1623 et
330 1561 497 1643 expleatur
520 1562 591 1626 ΒΓ.
636 1561 747 1645 itaque
770 1561 837 1624 ΒΓ
860 1559 1047 1624 irrationale
1072 1564 1122 1624 est

109 1667 212 1750 [prop.
236 1665 311 1747 XX]
318 1717 327 1750 ‚
351 1669 383 1731 et
405 1669 493 1730 reeta
517 1667 547 1730 ei
571 1667 716 1752 aequalis
740 1666 900 1751 quadrata
922 1665 1121 1731 irrationalis

107 1800 128 1847 A
191 1797 217 1846 Γ
296 1800 321 1847 A
436 1791 457 1839 Ζ
509 1776 567 1835 est.
607 1773 651 1836 sit
675 1769 884 1835 rA2=Bn
925 1773 1035 1855 itaque
1058 1776 1122 1836 ΓΛ

447 1857 449 1891 ¹
508 1877 709 1943 irrationalis
717 1880 775 1942 est.
788 1899 848 1943 nee
856 1878 915 1941 ulli
925 1879 1070 1961 priorum
1081 1879 1121 1942 si·

509 1983 1121 2068 milisestnequeeriimulliuspriorum

509 2090 702 2171 quadratum
739 2093 845 2154 reatae
878 2090 1032 2155 rationali
1069 2092 1121 2155 ad·

108 2196 263 2277 plicatum
286 2195 493 2261 latitudinem
517 2194 616 2259 efficit
639 2196 786 2262 mediam.
818 2219 930 2262 rursus
953 2197 1121 2280 expleatur

108 2306 184 2366 ΕΔ.
226 2302 336 2386 itaque
360 2306 429 2366 EA
453 2301 642 2366 irrationale
666 2306 717 2367 ost
740 2306 846 2389 [prop.
869 2302 955 2388 XXJ,
978 2307 1010 2367 et
1033 2307 1121 2368 reeta

108 2409 137 2472 ei
161 2409 306 2492 aequalis
331 2408 490 2492 quadrata
512 2408 712 2472 irrationalis
737 2413 795 2474 est.
837 2410 881 2475 sit
901 2407 1120 2473 AZ²=EA.

108 2516 218 2599 itaque
234 2520 268 2578 Λ
273 2519 300 2579 Ζ
320 2515 520 2580 irrationalis
535 2517 596 2579 est.
624 2537 684 2579 neo
697 2515 758 2579 ulli
770 2517 917 2599 priorum
932 2515 1048 2580 similis
1063 2519 1119 2581 est.

111 2643 215 2706 neque
244 2622 330 2686 enim
358 2622 455 2686 ullius
484 2621 628 2705 priorum
657 2622 850 2706 quadratum
884 2623 1037 2688 rationali
1064 2623 1120 2688 ad-

108 2728 265 2810 plicatum
288 2727 495 2792 latitudinem
520 2727 622 2792 efficit
645 2729 715 2791 ΓΛ.

174 2831 263 2918 Ergo
279 2856 298 2897 a
313 2833 418 2898 media
431 2835 638 2898 irrationales
652 2853 787 2898 numero
802 2834 950 2897 infinitae
965 2834 1120 2918 oriuntur,

108 2943 141 3003 et
167 2940 258 3003 nulla
285 2939 343 3003 ulli
370 2939 515 3022 priorum
545 2939 661 3002 similis
691 2942 753 3024 est3
784 2939 870 3022 quod
900 2942 969 3004 erat
992 2939 1120 3004 demon-

107 3044 285 3111 strandum.

108 3307 197 3360 eomp.
217 3291 270 3344 rb.
350 3295 390 3345 16.
411 3285 498 3361 ἐστιν]
519 3306 609 3360 oomp.
628 3292 683 3360 rb,
703 3288 761 3348 ἐστι
779 3292 869 3346 PBV.
932 3297 974 3347 20.
993 3289 1050 3347 ἀπὸ
1070 3294 1122 3362 τῆς

108 3361 163 3428 Bb,
182 3366 230 3428 τῆς
249 3361 312 3417 add.
332 3379 368 3415 m.
388 3367 404 3416 2
423 3361 453 3417 F.
526 3364 671 3433 γίγνονται
690 3363 721 3417 Β.
766 3355 919 3435 «οὗδεμία]
939 3381 993 3418 om.
1008 3363 1119 3419 PFVb.
1162 3386 1165 3391 ⁴

144 3438 186 3486 21.
208 3427 345 3501 οὐδεμίαν
365 3453 395 3502 φ.
470 3429 557 3487 ἐστιν·
582 3431 652 3503 ὅπερ
672 3432 731 3489 ἔδει
750 3434 854 3507 δεῖξαι]
875 3451 928 3490 om.
948 3434 1029 3491 BFb.

906 3629 963 3680 lits*
