2474 3908
131 160 196 226 373
548 161 736 213 εεεπαοια.

131 318 253 393 μετρεῖ·
277 302 316 372 τά
337 313 379 390 Α,
399 309 427 369 Β
451 299 517 390 άοα
536 299 704 390 σύμμετρά
724 302 825 384 ἐστιν,
847 304 907 366 καί
925 300 1024 367 ἐστιν
1045 296 1161 367 αὐτῶν

130 408 247 478 κοινὸν
271 411 393 498 μέτρον
415 409 453 477 τὸ
478 417 518 475 Ε·
547 406 628 496 ὅπερ
653 410 721 475 ἔδει
745 407 858 488 δεῖξαι.

625 589 655 653 3.

456 695 507 759 Ad
530 695 602 760 libr.
627 693 657 757 X
680 716 771 778 prop.
794 693 824 757 9.

495 797 641 878 ’Ἁλλως
663 795 705 865 τὸ
729 795 778 864 θ’.

195 903 284 974 Ἐπεὶ
308 904 371 994 γάρ
396 904 583 992 σύμμετρός
606 907 696 972 ἐστιν
719 901 740 991 ἡ
765 913 796 971 A
819 905 857 991 τῇ
879 909 918 984 Β,
942 900 1052 991 λόγον
1080 908 1155 990 ἔχει,

95 1010 171 1084 οόν
195 1010 340 1100 ἀριθμὸς
362 1011 445 1098 πρὸς
468 1010 626 1097 ἀριθμόν.
672 1011 785 1097 ἐχέτω,
815 1007 855 1077 ὃν
879 1006 897 1077 6
922 1011 969 1075 Γ
984 1014 1075 1102 πρὸς
1098 1013 1156 1083 τὸν

133 1129 174 1200 A,
192 1121 249 1187 καὶ
268 1117 286 1187 6
302 1126 334 1212 Γ
348 1116 468 1186 ἑαυτὸν
488 1117 549 1203 μὲν
568 1116 860 1196 πολλαπλασιάσας
877 1115 938 1185 τὸν
952 1125 986 1185 Ε
1002 1127 1154 1206 ποιείτω,

132 1225 150 1294 6
176 1227 213 1295 δὲ
236 1232 269 1294 Γ
292 1225 351 1294 τὸν
376 1234 408 1293 A
435 1223 727 1303 πολλαπλασιάσας
749 1222 809 1291 τὸν
835 1230 861 1290 Ζ
889 1230 1041 1312 ποιείτω,
1073 1226 1092 1296 6
1118 1228 1154 1296 δὲ

133 1341 165 1400 A
193 1331 314 1400 ἑαυτὸν
341 1329 633 1409 πολλαπλασιάσας
655 1327 714 1398 τὸν
738 1336 779 1396 Η
796 1335 939 1398 ποιείτω.
991 1333 1065 1400 ἐπεὶ
1091 1326 1154 1402 οὖν

132 1436 149 1506 6
174 1444 206 1506 Γ
234 1437 355 1506 ἑαυτὸν
387 1436 449 1521 μὲν
481 1439 773 1515 πολλαπλασιάσας
805 1435 865 1504 τὸν
894 1444 926 1503 Ε
956 1444 1152 1527 πεποίηκεν,

83 1566 116 1616 10
134 1548 195 1612 τὸν
214 1547 251 1612 δὲ
267 1553 299 1611 A
318 1544 611 1623 πολλαπλασιάσας
629 1545 689 1612 τὸν
709 1551 736 1611 Ζ
758 1548 949 1629 πεποίηκεν,
973 1549 1070 1612 ἔστιν
1089 1545 1153 1634 άρα

133 1649 177 1730 ὡς
200 1648 218 1718 6
246 1649 376 1737 Γπρός
398 1649 459 1717 τὸν
483 1659 529 1733 A,
552 1651 723 1719 τουτέστιν
747 1647 793 1729 ὥς
815 1650 835 1736 ἡ
861 1660 893 1718 A
915 1649 1001 1738 πρὸς
1023 1651 1089 1737 τὴν
1114 1660 1151 1735 Β,

135 1756 268 1840 [οὕτως]
294 1755 311 1823 6
336 1764 367 1822 Ε
387 1754 471 1844 πρὸς
493 1756 553 1824 τὸν
573 1763 609 1825 Ζ.
646 1754 718 1824 ἄλλ’
746 1757 791 1836 ὡς
813 1755 834 1844 ἡ
860 1766 891 1824 A
914 1756 998 1843 πρὸς
1021 1757 1088 1845 τὴν
1113 1767 1150 1842 Β,

132 1861 237 1941 οὕτως
260 1862 297 1929 τὸ
322 1860 386 1929 άπὸ
410 1872 468 1948 τῆς
492 1871 524 1928 A
547 1860 630 1950 πρὸς
653 1865 691 1930 τὸ
719 1861 785 1930 ὑπὸ
814 1867 883 1931 τῶν
906 1872 951 1946 A,
977 1871 1019 1932 Β·
1060 1871 1151 1934 ἔστιν

132 1968 197 2056 άρα
221 1967 266 2048 ὥς
288 1968 325 2037 τὸ
350 1968 415 2036 άπὸ
434 1973 494 2055 τῆς
517 1978 549 2035 A
571 1968 655 2053 πρὸς
677 1970 715 2036 τὸ
739 1970 806 2037 ὑπὸ
828 1972 896 2038 τῶν
920 1979 961 2055 A,
977 1976 1017 2057 Β,
1044 1971 1152 2052 οὕτως

80 2074 150 2146 1σὸ
180 2084 212 2143 Ε
236 2079 320 2162 πρὸς
346 2074 407 2143 τὸν
436 2083 472 2145 Ζ.
521 2075 637 2159 πάλιν,
668 2076 738 2142 ἐπεὶ
766 2078 784 2142 6
815 2083 847 2142 A
875 2075 997 2144 ἑαυτὸν
1025 2086 1151 2146 πολλα-

132 2187 316 2262 πλασιάσας
342 2182 402 2251 τόν
426 2189 466 2249 Η
488 2188 683 2268 πεποίηκεν,
716 2180 734 2250 6
764 2182 802 2250 δὲ
830 2188 862 2248 Γ
883 2182 943 2251 τὸν
967 2191 1001 2249 A
1027 2193 1152 2253 πολλα-

133 2291 318 2368 πλασιάσας
339 2292 400 2357 τὸν
424 2296 451 2356 Ζ
474 2294 668 2374 πεποίηκεν,
700 2293 789 2356 ἔστιν
813 2286 877 2375 ἄρα
902 2285 947 2368 ὥς
970 2285 988 2356 6
1014 2295 1048 2355 Γ
1067 2289 1153 2378 πρὸς

132 2395 192 2464 τὸν
217 2404 262 2482 A,
294 2396 464 2463 τουτέστιν
493 2397 537 2475 ὡς
565 2395 585 2481 ἡ
610 2405 641 2463 A
672 2393 755 2481 πρὸς
782 2393 844 2481 τὴν
868 2402 911 2481 Β,
946 2393 1056 2474 οὕτως
1081 2395 1099 2464 6
1125 2403 1153 2464 Ζ

131 2503 216 2585 πρὸς
242 2501 302 2569 τὸν
331 2509 373 2571 H.
419 2498 492 2569 ἀλλ’
519 2499 564 2580 ὡς
591 2498 611 2587 ἡ
637 2511 668 2569 A
696 2502 777 2588 πρὸς
803 2503 866 2587 τὴν
894 2507 938 2586 Β,
972 2498 1084 2582 οὕτως
1112 2504 1150 2573 τὸ

79 2628 114 2678 20
132 2606 198 2675 ὑπὸ
226 2612 293 2676 τῶν
317 2616 360 2691 A,
384 2616 411 2676 Β
435 2608 519 2694 πρὸς
540 2607 579 2677 τὸ
603 2605 668 2676 άπὸ
691 2611 750 2693 τῆς
772 2614 815 2675 Β·
843 2612 933 2674 ἔστιν
956 2606 1022 2695 ἄρα
1046 2608 1094 2690 ὡς
1112 2610 1152 2680 τά

132 2713 196 2783 ὑπὸ
220 2719 289 2784 τῶν
312 2726 353 2800 A,
378 2723 405 2783 Β
433 2715 518 2799 πρὸς
540 2719 577 2782 τὸ
597 2713 662 2782 άπὸ
686 2717 745 2800 τῆς
767 2721 811 2797 Β,
841 2712 948 2792 οὕτως
970 2711 988 2782 6
1015 2720 1042 2780 Ζ
1067 2716 1154 2802 πρὸς

135 2821 196 2891 τὸν
211 2830 253 2891 Η.
291 2819 363 2890 ἀλλ’
381 2820 425 2902 ὥς
444 2821 481 2890 τὸ
502 2820 566 2890 άπὸ
587 2826 645 2906 τῆς
664 2829 695 2888 A
714 2819 796 2906 πρὸς
819 2820 855 2888 τὸ
875 2818 941 2888 ὑπὸ
960 2831 1029 2889 τῶν
1049 2831 1095 2908 Α,
1110 2831 1153 2909 Β,

135 2928 241 3009 οὕτως
264 2921 307 3016 ἦν
331 2927 349 2997 6
373 2937 405 2996 Ε
425 2928 509 3017 πρὸς
531 2928 592 2997 τὸν
618 2935 656 2995 Ζ·
695 2924 740 2995 δι’
762 2935 840 2995 ἴσον
863 2925 928 3013 άοα
952 2925 997 3007 ὡς
1019 2928 1058 2997 τὸ
1084 2927 1153 2999 άπὸ

134 3046 191 3121 τῆς
214 3046 245 3103 A
273 3034 356 3121 πρὸς
378 3034 416 3103 τὸ
441 3033 505 3104 άπὸ
532 3047 591 3121 τῆς
614 3042 657 3120 Β,
687 3031 793 3113 οὕτως
816 3030 834 3102 6
859 3041 890 3101 E
916 3032 998 3119 πρὸς
1020 3035 1084 3104 τὸν
1107 3044 1154 3107 Η.

81 3161 115 3212 25
135 3147 203 3209 ἔστι
223 3142 260 3210 δὲ
283 3140 436 3228 ἑκάτερος
457 3145 525 3210 τῶν
546 3147 585 3227 Ε,
605 3149 645 3209 Η
662 3139 882 3228 τετράγωνος·
906 3137 924 3207 6
948 3140 1010 3227 μὲν
1033 3142 1101 3232 γάρ
1124 3154 1157 3213 Ε

132 3261 345 3270 ..ρ--ῴ-

203 3306 228 3355 3.
248 3301 314 3354 Post
332 3295 458 3370 άριθμάν
476 3319 503 3370 p.
523 3307 566 3370 32,
586 3307 602 3356 3
621 3299 734 3370 BFVb,
754 3319 810 3372 mg.
830 3319 866 3355 m.
888 3305 901 3354 1
921 3301 952 3354 P.

205 3449 227 3499 1.
249 3439 337 3513 ἐστιν]
352 3439 451 3510 (prius)
467 3435 525 3495 ἐστι
539 3442 601 3512 BV,
621 3461 710 3515 comp.
727 3443 780 3499 Fb.
836 3449 861 3499 2.
881 3438 950 3512 ὅπερ
966 3438 1026 3496 ἔδει
1040 3445 1140 3512 δεῖξαι

133 3533 222 3586 comp.
242 3516 295 3584 F?,
315 3531 368 3569 om.
387 3510 473 3566 BVb.
534 3519 558 3570 3.
578 3510 677 3588 πάθ’]
697 3514 801 3574 om.'B.
865 3521 889 3570 δ.
911 3509 1141 3583 ΓποὸςτόνΔ
