2474 3914
137 180 202 246 234
522 184 723 236 ΣΤΟΙΧΕΙΩΝ
741 179 768 237 ι’.

136 332 212 410 ΑΒ,
231 330 298 392 ΒΓ
317 322 428 412 ῥητόν,
452 321 644 414 ἀσύμμετρα
669 324 735 414 άρα
754 325 823 393 ἐστὶ
841 323 882 392 τὰ
901 323 966 394 άπὸ
985 328 1053 393 τῶν
1072 333 1104 391 Α
1111 332 1152 410 Β,

136 438 203 500 ΒΓ
220 442 266 523 τῷ
286 432 338 511 δὶς
360 429 426 500 ὑπὸ
445 435 514 499 τάν
529 440 608 518 AB,
628 437 699 498 ΒΓ·
727 433 782 500 καί
801 430 920 501 λοιπὸν
939 431 1005 522 άρα
1028 430 1066 500 τὸ
1085 428 1145 500 άπὲ

135 543 194 626 τής
221 545 291 607 ΑΓ
314 535 527 628 άσάμμετρόν
556 541 625 608 ἐστι
652 543 697 630 τῷ
722 540 774 619 δὶς
797 537 862 607 ὑπὸ
886 550 954 607 τῶν
976 546 1057 626 ΑΒ,
1081 544 1153 607 ΒΓ.

136 650 195 712 καί
216 646 284 713 ἐστι
306 647 344 714 τὸ
368 646 420 726 θὶς
441 643 508 714 ὑπὸ
527 649 593 715 τῶν
617 654 692 731 ΑΒ,
712 652 778 715 ΒΓ
798 645 916 735 ρῃτάν·
940 644 978 714 τὸ
999 644 1065 732 άρα
1084 643 1152 714 άπὸ

102 757 194 840 στής
217 759 285 821 ΑΓ
304 750 431 839 ἄλογόν
454 755 558 821 ἐστιν·
587 751 710 840 άλομος
732 751 798 843 άρα
822 755 912 822 ἐστὶν
935 751 957 840 ή
980 758 1056 821 ΑΓ·
1098 779 1154 820 κα-

136 865 261 928 λείσθω
281 862 319 929 δὲ
337 857 357 947 ή
377 861 471 947 μετὰ
495 864 617 950 ῥητοῦ
640 862 762 948 μέσον
785 859 826 930 τὸ
852 859 947 930 ὅλον
970 864 1152 928 ποιοῦσα.

136 963 217 1056 ὅπερ
241 971 309 1035 ἔδει
334 969 447 1048 δεῖξαι.

613 1091 676 1177 οῃ’.

200 1212 288 1283 Ἐάν
312 1214 386 1285 άπὸ
411 1215 572 1298 εὐθείας
596 1215 735 1285 εὐθεῖα
759 1214 960 1306 ἀφαιρεθῇ
982 1215 1154 1303 δυνάμει

84 1343 117 1392 10
136 1318 385 1411 ἀσύμμετρος
418 1313 516 1390 οάσα
547 1326 592 1412 τῃ
626 1321 711 1412 ὅλῃ,
748 1322 844 1410 μετὰ
876 1323 918 1391 δὲ
955 1327 1022 1409 τής
1059 1323 1155 1409 ὅλῃς

137 1439 307 1496 ποιοῦσα
335 1426 379 1496 τό
408 1454 446 1496 τε
475 1433 740 1517 συγκείμενον
767 1431 807 1497 ἐκ
834 1433 910 1497 τῶν
933 1427 994 1496 ἀπ’
1020 1427 1152 1496 αὐτῶν

11 1562 65 1640 1,ῃᾶ
161 1560 200 1602 ετ
232 1533 396 1622 αμάνων
425 1536 547 1621 μέσον
574 1534 618 1604 τό
641 1562 680 1604 τε
704 1537 765 1616 δὶς
786 1534 850 1604 ὑπ’
877 1534 1007 1605 αὐτῶν
1030 1536 1153 1622 μέσον

5 1666 42 1710 .ae
189 1642 201 1708 ί
234 1645 291 1708 ἔτι
322 1638 367 1707 τά
401 1637 462 1707 ἄπ’
498 1639 630 1710 αὐτῶν
661 1641 891 1728 τετράγωνα
923 1640 1154 1731 άσάμμετρα

5 1730 116 1825 122⁵!
136 1752 187 1839 τῷ
216 1747 277 1827 θὶς
304 1745 365 1815 ὑπ’
392 1744 540 1834 αὐτῶν,
569 1745 734 1835 ήλοιπή
763 1747 910 1835 άλογός
938 1751 1059 1818 ἐστιν·
1097 1777 1155 1818 κα-

5 1827 360 1941 Γωά15λείσθωθὲή
410 1855 476 1923 ετά
527 1855 620 1924 ἐσον
672 1855 823 1925 ἔσοντ’
855 1853 949 1924 ὅλον
973 1860 1093 1925 ποιοῦ
1125 1883 1154 1927 α.

200 1958 279 2029 Ἀπὸ
312 1960 374 2050 γάρ
408 1960 544 2042 εὐθείας
574 1967 633 2050 τής
664 1971 730 2030 ΑΒ
761 1961 880 2031 εὐθεῖα
907 1960 1099 2052 ἀφῃρήσθω
1128 1961 1150 2050 ή

137 2073 204 2135 ΒΓ
218 2068 360 2156 δυνάμει
374 2067 584 2159 άσάμμετρος
603 2061 689 2138 οὖσα
707 2081 747 2160 τῇ
767 2078 833 2138 ΑΒ
851 2073 997 2138 ποιοῦσα
1014 2068 1054 2137 τά
1075 2093 1155 2158 προ-

136 2181 285 2262 κείμενα·
315 2177 412 2263 λέγω,
437 2175 487 2245 ὅτι
505 2174 527 2264 ἡ
547 2176 645 2264 λοιπή
669 2175 779 2264 ήΑΓ
798 2176 921 2263 άλογός
944 2177 1035 2245 ἐστιν
1058 2174 1079 2263 ή
1099 2201 1155 2244 κα-

138 2284 284 2370 λουμένῃ
307 2281 328 2369 ή
352 2287 433 2371 μετὰ
457 2284 561 2370 μέσον
585 2285 688 2371 μέσον
711 2283 748 2353 τὸ
763 2283 855 2373 ,ὅλον
877 2288 1031 2353 ποιοῦσα.

83 2411 118 2460 20
200 2387 380 2457 Ἐκκείσθω
404 2388 468 2478 γάρ
492 2389 575 2478 ῥῃτή
599 2388 620 2477 ή
645 2398 719 2477 ΔΙ,
742 2391 797 2458 καὶ
820 2403 891 2472 τοῖς
914 2389 976 2477 μὲν
1000 2388 1067 2458 άπὸ
1085 2400 1154 2459 τῶν

137 2501 215 2582 ΑΒ,
240 2501 306 2563 ΒΓ
330 2504 405 2564 ίσον
435 2494 525 2582 παρὰ
552 2495 615 2583 τήν
640 2504 701 2564 ΔΙ
728 2496 997 2584 παραβεβλήσθω
1024 2496 1062 2566 τὸ
1088 2504 1158 2564 ΔΕ

137 2599 262 2680 πλάτος
285 2604 406 2669 ποιοῦν
429 2604 491 2688 τήν
510 2608 594 2688 ΔΗ,
617 2607 662 2694 τῷ
688 2603 725 2671 δὲ
748 2604 801 2683 θὶς
822 2601 890 2672 ὑπὸ
909 2609 978 2673 τῶν
997 2611 1075 2691 ΑΒ,
1094 2610 1162 2672 ΒΓ

138 2717 214 2776 ίσον
247 2706 437 2797 ἀφῃρήσθω
469 2709 507 2776 τὸ
542 2715 611 2775 ΔΘ
644 2707 784 2793 [πλάτος
816 2713 938 2778 ποιοῦν
970 2713 1032 2797 τήν
1061 2717 1157 2796 ΔΖ].

138 2815 259 2885 λοιπὸν
283 2813 349 2903 άρα
370 2813 409 2883 τὸ
432 2821 498 2882 ΖΒ
518 2823 594 2886 ἴσον
618 2816 686 2885 ἐστὶ
714 2819 760 2908 τῷ
786 2814 850 2885 άπὸ
874 2820 934 2904 τής
956 2823 1033 2885 ΑΓ·
1072 2816 1157 2887 ὥστε

210 2966 234 3015 2.
255 2953 489 3027 ΒΓτετράῃωνα
507 2956 589 3016 BFb.
649 2959 817 3031 BPJBm.
837 2966 853 3014 2
873 2958 906 3015 V.
967 2960 1033 3032 καί]
1055 2976 1109 3017 om.
1124 2961 1155 3017 P.

176 3038 200 3087 ³·
213 3029 449 3189 σίμωμα]
469 3032 648 3157 παῖ
667 3031 722 3157 λλ
743 3026 1014 3174 άλλῖλελλω
1042 3028 1156 3160 ἕνα]

140 3119 279 3242 θάπρῘΡ.
340 3144 377 3227 ἐ.
397 3174 437 3226 ον
468 3172 498 3226 F.
542 3146 615 3228 ἰο.
635 3144 679 3245 οε]
701 3123 755 3232 οἷα,
775 3174 806 3228 Ρ.
881 3180 922 3230 11.
942 3173 987 3300 τῃ
1006 3145 1157 3263 ίὶιμεαζ

177 3320 217 3369 13.
237 3314 287 3368 καλ
307 3311 360 3384 ἔτι]
381 3309 422 3366 ἔτι
440 3332 470 3368 τε
491 3314 590 3370 Theon
611 3313 746 3386 (Blvvb).
821 3322 862 3371 14.
881 3312 913 3389 ἡ]
932 3287 1003 3387 λέγω
1020 3245 1157 3387 {alffi-

176 3382 235 3440 ἔστι
253 3384 320 3452 BV,
340 3400 431 3453 comp.
449 3384 504 3442 Fb.
578 3391 620 3441 15.
639 3381 670 3456 ἡ]
697 3401 751 3443 om.
771 3386 855 3445 Fvb.
930 3394 971 3444 17.
992 3385 1026 3443 τά
1046 3390 1158 3459 προκεί-

140 3457 223 3528 μενα]
243 3453 274 3511 τὸ
295 3454 346 3526 μὲν
367 3457 550 3541 σνῃκείμενρν
570 3451 602 3511 ἐκ
616 3457 672 3511 τάν
687 3452 744 3512 άπὸ
759 3458 815 3513 τῶν
829 3465 889 3529 ΑΒ,
903 3464 959 3514 ΒΓ
975 3457 1158 3531 τετραγώνων

140 3525 235 3599 μέσον,
254 3524 286 3583 τὸ
306 3524 338 3582 δὲ
359 3525 402 3589 δίς
420 3525 476 3582 ὑπο
496 3547 552 3582 των
567 3532 625 3596 AB,
640 3532 696 3583 ΒΓ
712 3525 797 3598 μέσον
817 3528 858 3585 ἔτι
872 3550 902 3586 τε
919 3534 983 3603 (om.
994 3531 1029 3600 V,
1044 3539 1108 3587 καθ
1123 3533 1156 3602 F)

140 3242 193 3314 μέν
211 3243 294 3299 BFb.
367 3236 434 3314 ἀπ’]
453 3239 512 3298 άπὸ
532 3243 588 3297 τῶν
606 3243 640 3299 V.
715 3250 756 3300 12.
776 3245 820 3316 τε]
840 3243 869 3299 in
887 3263 941 3301 ras.
