2474 3908
107 188 110 192 .
162 137 225 201 368
548 135 749 189 mmmm
767 132 793 190 ι’.

164 278 264 368 λόγῳ,
287 279 344 345 καὶ
364 283 446 345 ἔστω
465 276 486 363 ἡ
506 277 543 345 τὸ
561 274 627 345 ὑπὸ
647 281 716 346 τῶν
730 285 761 344 Α
767 284 806 362 Β,
821 282 884 343 ΓΔ
902 277 1080 362 δυναμένη
1101 274 1124 362 ἡ
1142 283 1185 343 Η·

162 386 264 470 λέγω·
282 382 333 452 ὅτι
356 383 438 470 ῥητή
465 386 554 451 ἐστιν
574 380 599 469 ἡ
622 388 665 450 Η.

161 483 166 491 ’
228 489 409 559 Ἐκκείσθω
433 493 497 575 γὰρ
521 489 603 576 ῥητὴ
628 487 648 576 ἡ
673 497 711 574 Θ,
734 489 858 578 καὶτῷ
882 487 947 556 ἀπὸ
971 493 1032 575 τῆς
1056 497 1087 557 Θ
1108 498 1187 559 ἴσον

165 595 253 682 παρὰ
273 593 335 682 τὴν
355 602 417 663 ΓΔ
435 596 703 682 παραβεβλήσθω
727 595 852 674 πλάτος
873 599 995 663 ποιοῦν
1013 593 1080 683 τὴν
1101 604 1187 664 ΚΛ·

129 701 314 788 τάποτομὴ
340 700 407 788 ἄρα
435 702 525 771 ἐστὶν
553 699 680 788 ἡΚΛ,
713 693 753 788 ἧς
779 699 820 769 τὰ
848 700 998 788 ὀνόματα
1027 707 1117 770 ἔστω
1147 703 1187 771 τὰ

165 816 257 893 ΚΜ,
283 816 358 876 ΜΛ
385 800 556 896 σύμμετρα
577 822 648 888 τοῖς
673 813 733 895 τῆς
756 811 791 877 ἐκ
815 808 877 877 δύο
902 804 1081 895 ὀνομάτων
1108 807 1186 879 ὀνό-

165 934 245 1001 μασι
268 928 337 994 τοῖς
361 921 434 1000 ΓΕ,
458 923 526 982 ΕΛ
547 915 603 982 καὶ
626 917 664 982 ἐν
686 919 731 1006 τῷ
756 912 847 1006 αὐτῷ
871 915 970 1007 λόγῳ.
1015 913 1105 984 ἀλλὰ
1129 917 1185 984 καὶ

166 1024 203 1089 αί
224 1027 301 1105 ΓΕ,
327 1029 397 1088 ΕΔ
425 1020 610 1108 σύμμετροί
630 1022 668 1089 τί
689 1026 753 1089 είσι
775 1034 849 1100 ταῖς
871 1029 950 1107 ΑΖ,
976 1029 1037 1089 ΖΒ
1065 1025 1126 1092 καὶ
1150 1025 1186 1091 ἐν

165 1139 210 1218 τῷ
241 1124 329 1219 αὐτῷ
359 1126 460 1215 λόγῳ·
504 1132 593 1195 ἔστιν
617 1125 683 1216 ἄρα
707 1124 751 1205 ὡς
778 1124 799 1213 ἡ
824 1136 857 1195 Α
863 1135 890 1194 Ζ
916 1124 998 1212 πρὸς
1021 1127 1085 1214 τὴν
1113 1136 1186 1215 ΖΒ,

113 1262 146 1311 10
168 1233 273 1315 οὕτως
291 1231 311 1321 ἡ
332 1241 414 1302 ΚΜ
432 1232 514 1322 πρὸς
533 1241 616 1302 ΜΛ.
645 1233 784 1317 ἐναλλὰξ
807 1233 874 1322 ἄρα
897 1236 988 1304 ἐστὶν
1011 1232 1058 1315 ὡς
1076 1233 1099 1322 ἡ
1120 1244 1186 1304 ΑΖ

166 1340 249 1427 πρὸς
271 1339 333 1428 τὴν
351 1348 438 1428 ΚΜ,
463 1340 569 1421 οὕτως
587 1339 615 1429 ἡ
627 1348 690 1409 ΒΖ
709 1344 792 1428 πρὸς
809 1341 873 1429 τὴν
891 1350 979 1410 ΛΜ·
1004 1344 1063 1411 καὶ
1081 1348 1186 1430 λοιπὴ

166 1446 232 1534 ἄρα
264 1445 285 1535 ἡ
319 1455 385 1516 ΑΒ
417 1447 500 1535 πρὸς
532 1448 653 1535 λοιπὴν
686 1447 748 1535 τὴν
776 1456 846 1516 ΚΛ
878 1452 969 1518 ἐστιν
997 1447 1043 1530 ὡς
1072 1448 1094 1537 ἡ
1122 1459 1187 1520 ΑΖ

167 1550 250 1638 πρὸς
272 1560 357 1620 ΚΜ.
403 1554 588 1640 σύμμετρος
612 1555 649 1621 δὲ
672 1552 692 1641 ἡ
717 1563 782 1623 ΑΖ
809 1559 849 1645 τῇ
873 1562 961 1623 ΚΜ·
995 1557 1187 1645 σύμμετρος

35 1744 38 1751 Ι
167 1656 234 1744 ίίρα
248 1659 325 1726 Ιἐστὶ
348 1660 404 1727 καὶ
427 1656 448 1744 ἡ
468 1667 533 1726 AB
554 1664 593 1749 τῇ
613 1666 690 1728 ΚΛ.
727 1667 785 1729 καί
801 1664 891 1732 ἐστιν
910 1660 955 1741 ὡς
973 1659 994 1748 ἡ
1013 1671 1080 1730 ΑΒ
1101 1667 1188 1751 πρὸς

114 1791 147 1839 15
167 1772 200 1832 K
205 1771 246 1850 A,
266 1762 371 1846 οὕτως
389 1765 426 1833 τὸ
446 1763 512 1834 ὑπὸ
531 1771 599 1835 τῶν
613 1773 687 1853 ΓΔ,
701 1775 767 1837 ΑΒ
785 1767 869 1856 πρὸς
886 1766 924 1837 τὸ
944 1766 1010 1836 ὑπὸ
1024 1773 1095 1838 τῶν
1111 1777 1186 1855 ΓΔ,

167 1878 249 1938 ΚΛ·
287 1871 475 1960 σύμμετρον
503 1872 569 1961 ἄρα
597 1875 665 1943 ἐστὶ
693 1873 809 1942 καὶτὸ
833 1873 899 1951 ὑπο
923 1879 991 1942 τῶν
1014 1881 1093 1961 ΓΔ,
1120 1885 1185 1944 AB

165 1981 210 2070 τῷ
234 1976 299 2076 ὑπὸ
318 1984 385 2048 τῶν
408 1987 481 2066 ΓΔ,
500 1987 577 2048 ΚΛ.
615 1990 690 2049 ἴσον
715 1982 752 2049 δὲ
774 1983 812 2049 τὸ
836 1981 903 2050 ὑπὸ
926 1985 994 2050 τῶν
1016 1987 1092 2068 ΓΔ,
1115 1990 1186 2052 ΚΛ

167 2090 211 2175 τῷ
236 2081 300 2153 ἄπο
324 2097 383 2173 τῆς
400 2095 440 2153 Θ·
475 2087 665 2174 σύμμετρον
688 2085 754 2175 ἄρα
778 2087 847 2156 ἐστὶ
869 2087 907 2156 τὸ
927 2086 993 2156 ὑπὸ
1015 2098 1085 2157 τῶν
1112 2096 1188 2176 ΓΔ,

167 2200 293 2283 ΑΒτῷ
308 2190 373 2262 ἀπὸ
388 2197 446 2280 τῆς
460 2200 496 2261 Θ.
519 2198 565 2285 τῷ
581 2193 618 2262 δὲ
632 2191 698 2262 ὑπὸ
715 2197 783 2261 τῶν
798 2200 870 2279 ΓΔ,
884 2201 951 2261 ΑΒ
966 2203 1042 2262 ἴσον
1057 2196 1131 2263 ἐστὶ
1150 2196 1187 2266 τὸ

116 2323 150 2372 20
168 2296 233 2366 ἀπὸ
262 2303 320 2385 τῆς
343 2306 390 2366 Η·
433 2303 622 2387 σύμμετρον
649 2298 714 2387 ἄρα
743 2300 811 2368 ἐστὶ
838 2299 876 2368 τὸ
905 2299 971 2368 ἀπὸ
994 2310 1053 2386 τῆς
1076 2309 1119 2368 Η
1142 2308 1187 2396 τῷ

80 2473 83 2477 ,
168 2402 232 2473 ἀπὸ
255 2410 314 2492 τῆς
336 2413 373 2473 Θ.
410 2406 513 2492 ῥητὸν
536 2408 574 2474 δὲ
596 2405 634 2475 τὸ
660 2405 725 2474 ἀπὸ
748 2410 807 2492 τῆς
830 2413 872 2472 Θ·
895 2404 999 2492 ῥητὸν
1024 2405 1091 2494 ἄρα
1118 2411 1189 2477 ἐστὶ

168 2511 224 2576 καὶ
247 2511 284 2577 τὸ
309 2509 374 2578 ἀπὸ
398 2516 457 2596 τῆς
474 2518 521 2578 Η·
547 2511 630 2598 ῥητὴ
655 2510 720 2598 ἄρα
744 2512 834 2580 ἐστὶν
853 2508 873 2599 ἡ
894 2519 936 2579 Η.
964 2513 1020 2580 καὶ
1039 2512 1188 2584 δύναται

167 2619 204 2682 τὸ
228 2613 293 2683 ὑπὸ
317 2621 386 2683 των
409 2622 481 2702 ΓΛ,
506 2626 579 2685 ΑΒ.

231 2720 310 2789 Ἐὰν
334 2721 400 2807 ἄρα
423 2727 549 2810 χωρίον
573 2726 761 2811 περιέχηται
780 2723 845 2793 ὑπὸ
865 2722 1033 2813 ἀποτομῆς
1050 2728 1107 2794 καὶ
1128 2734 1190 2816 τῆς

117 2853 151 2903 25
171 2831 205 2897 ἐκ
229 2829 291 2898 δύο
315 2816 508 2917 ὀνομάτων,
530 2821 571 2916 ἧς
593 2829 634 2897 τὰ
659 2831 807 2918 ὀνόματα
830 2831 999 2920 σύμμετροί
1023 2834 1092 2901 ἐστι
1116 2849 1191 2915 τοῖς

168 2942 226 3024 τῆς
248 2935 416 3025 ἀποτομῆς
445 2934 587 3024 ὀνόμασι
614 2938 669 3005 καὶ
698 2939 734 3005 ἐν
762 2944 808 3032 τῷ
838 2941 930 3032 αὐτῷ
959 2939 1063 3030 λόγῳ,
1096 2936 1118 3026 ἡ
1150 2941 1189 3009 τὸ

168 3050 293 3132 χωρίον
317 3045 487 3131 δυναμένη
512 3043 593 3131 ῥητή
618 3047 717 3113 ἐστιν.

118 3169 128 3185 '
242 3210 264 3257 1.
284 3200 314 3273 ἡ]
335 3222 389 3259 om.
409 3203 490 3261 Βνο,
564 3200 593 3275 ἡ]
614 3204 763 3259 enomv.
845 3206 889 3277 H]
912 3210 966 3260 HA
986 3207 1012 3260 b.
1097 3212 1122 3260 3.
1147 3208 1190 3279 ο]

169 3273 266 3340 (prius)
287 3277 339 3328 ΒΘ
358 3275 387 3331 F.
479 3281 502 3328 4.
526 3272 596 3345 τήν]
622 3273 720 3344 (prius)
745 3293 783 3331 m.
802 3282 818 3330 2
838 3277 867 3332 F.
960 3283 985 3331 6.
1008 3281 1058 3344 τῆς
1077 3272 1128 3348 ἐκ]
1157 3275 1190 3332 ἐκ

55 3372 63 3386 -
170 3344 226 3397 τῶν
246 3344 277 3398 V.
347 3351 370 3398 7.
391 3341 550 3399 ἀλλά-9.
571 3343 654 3417 λόγῳ]
674 3363 730 3415 mg.
750 3365 787 3403 m.
809 3354 822 3401 1
842 3348 872 3402 F.
941 3354 965 3403 8.
984 3349 1088 3410 τοῖςὶ).
1163 3356 1189 3404 9.

169 3414 231 3485 AZ]
251 3431 319 3470 corr.
340 3421 448 3470 exAF
463 3417 498 3471 V.
571 3422 612 3469 11.
632 3417 692 3487 BZ]
719 3421 767 3471 ΖΒ
786 3417 818 3473 Β.
893 3425 934 3473 12.
954 3415 983 3504 ἡ]
1004 3418 1103 3490 (prius)
1123 3423 1191 3489 post

169 3503 222 3542 ras.
243 3492 256 3540 1
276 3486 332 3541 litt.
352 3486 380 3544 F.
464 3492 505 3543 13.
531 3483 653 3556 πρός-
674 3489 740 3558 ΑΖ]
764 3505 817 3544 om.
838 3489 868 3546 F.
946 3510 998 3560 την
1017 3493 1084 3565 ΚΜ
1104 3491 1190 3547 BFb.
