2474 3908
146 128 190 193 34
531 127 734 180 Στοιειιαα
753 121 780 181 ι’.

145 270 201 338 καλ
225 276 360 358 μείζων,
390 273 447 336 ἵνα
471 297 515 356 μη
538 272 651 357 τμηθῇ
680 266 700 355 ἡ
725 272 839 355 μονάς.
886 273 984 353 ἔστω,
1014 272 1045 335 εί
1067 271 1167 336 δυνα-

145 379 216 463 τόν,
246 377 410 465 πρότερον
434 373 452 444 ὁ
478 378 514 444 ἐκ
541 379 610 444 τῶν
632 383 710 461 AB,
734 381 801 442 ΒΓ
824 372 904 461 μετὰ
930 385 992 442 τοῦ
1015 372 1079 443 άπὸ
1104 381 1170 443 ΓΕ

147 491 220 563 λ’σος
242 485 287 575 τῷ
312 479 376 550 άπὸ
401 489 479 567 ΒΕ,
508 483 564 550 καὶ
592 487 674 550 ἔστω
704 485 763 568 τῆς
787 489 857 549 ΛΕ
878 480 1025 567 μονάδος
1054 485 1169 549 διπλα-

146 594 230 657 σίων
259 587 277 657 ὁ
305 596 385 657 ΗΑ.
432 589 501 656 ἐπεὶ
539 580 601 655 οὖν
639 585 718 668 ὅλος
751 585 769 656 6
797 594 867 656 ΑΓ
890 585 973 656 ὅλον
1011 592 1072 656 τοῦ
1100 595 1168 657 ΓΛ

48 710 51 715 ’
111 696 217 766 σέστι
246 700 447 782 διπλασίων,
477 686 525 764 ὧν
552 691 569 763 6
594 702 671 763 ΑΗ
688 698 749 764 τοῦ
774 700 844 762 ΔΕ
871 696 940 762 ἐστι
969 697 1167 782 διπλασίων,

146 802 203 869 καὶ
225 801 342 883 λοιπὸς
365 800 430 891 άρα
450 799 468 870 6
488 808 563 870 ΗΓ
577 806 697 870 λοιποῦ
719 807 780 870 τοῦ
799 808 866 869 ΕΓ
880 804 949 869 ἐστι
968 805 1167 871 διπλασίων·

147 912 224 996 δίχα
247 907 314 996 άρα
336 911 491 997 τέτμηται
515 906 533 977 6
557 915 628 977 ΗΓ
646 918 693 1001 τῷ
718 917 756 976 Ε.
802 905 820 976 6
843 906 909 997 ἄρα
937 909 973 976 ἐκ
995 911 1064 976 τάν
1087 915 1167 994 ΗΒ,

146 1021 213 1083 ΒΓ
236 1014 317 1102 μετὰ
345 1027 407 1085 τοῦ
435 1015 500 1085 άπὸ
525 1021 591 1084 ΓΕ
616 1024 689 1096 λσος
717 1016 788 1085 ἐστὶ
817 1020 862 1108 τῷ
886 1013 952 1084 άπὸ
972 1023 1038 1083 ΒΕ
1057 1041 1167 1101 τετρα-

146 1119 255 1212 γάνῳ.
300 1119 386 1190 άλλδ
417 1122 473 1190 καὶ
502 1119 520 1190 6
549 1123 585 1189 ἐκ
618 1133 688 1191 τῶν
712 1130 789 1207 ΑΒ,
812 1128 878 1190 ΒΓ
901 1120 980 1208 μετὰ
1014 1125 1074 1188 τοῦ
1102 1117 1166 1188 άπὸ

95 1249 129 1299 10
148 1231 213 1294 ΓΕ
235 1234 307 1307 ίσος
333 1224 508 1296 ὑπόκειται
535 1231 580 1319 τῷ
610 1225 674 1299 άπὸ
706 1232 793 1313 [τοῦ]
818 1235 886 1295 ΒΕ
905 1226 1116 1319 τετραγώνῳ·
1151 1226 1168 1295 6

147 1330 214 1420 άρα
238 1334 273 1400 ἐκ
295 1336 364 1401 τῶν
387 1340 468 1418 ΗΒ,
492 1339 558 1400 ΒΓ
576 1333 657 1420 μετὰ
676 1339 739 1402 τοῦ
760 1332 825 1402 άπὸ
851 1340 916 1401 ΓΕ
937 1342 1009 1412 ίσος
1031 1333 1100 1401 ἐστὶ
1122 1337 1168 1425 τῷ

151 1441 187 1506 ἐκ
208 1443 277 1507 τῶν
291 1446 368 1524 ΑΒ,
385 1445 451 1507 ΒΓ
468 1436 548 1526 μετὰ
566 1444 629 1507 τοῦ
646 1438 712 1507 άπὸ
731 1447 802 1508 ΓΕ.
838 1441 894 1508 καὶ
922 1444 1042 1508 κοινοῦ
1070 1439 1170 1527 άφαι-

148 1545 307 1629 μεθέντος
328 1548 390 1613 τοῦ
414 1542 479 1612 άπὸ
505 1550 569 1612 ΓΕ
595 1544 776 1631 συνάγεται
800 1544 818 1614 6
838 1553 902 1614 AB
927 1556 998 1626 ίσος
1021 1550 1066 1637 τῷ
1086 1554 1124 1614 Η
1126 1555 1167 1614 Β·

148 1647 230 1739 ὅπερ
254 1649 389 1721 άτοπον.
437 1650 500 1719 οὐκ
523 1649 589 1737 άρα
612 1649 630 1719 ὁ
656 1654 692 1719 ἐκ
718 1656 787 1720 τῶν
810 1660 894 1738 AB,
919 1659 985 1721 ΒΓ
1004 1651 1084 1739 μετὰ
1108 1657 1169 1721 τοῦ

96 1782 130 1832 15
149 1754 213 1824 άπὸ
239 1761 328 1842 [τοῦ]
353 1764 419 1826 ΓΕ
440 1765 512 1837 ἴσος
542 1757 611 1824 ἐστὶ
633 1761 678 1849 τῷ
703 1755 769 1826 άπὸ
794 1765 866 1826 ΒΕ.
912 1761 997 1845 λέγω
1028 1759 1086 1846 δή,
1118 1758 1169 1828 ὅτι

150 1860 232 1930 οὐδὲ
261 1863 412 1931 ἐλάσσων
440 1866 501 1930 τοῦ
531 1861 595 1931 άπὸ
631 1871 697 1931 ΒΕ
727 1869 758 1933 εί
787 1865 852 1951 γάρ
883 1865 1045 1945 δυνατόν,
1086 1872 1169 1935 ἔστω

150 1973 195 2061 τῷ
220 1967 286 2037 άπὸ
306 1977 368 2037 ΒΖ
392 1979 475 2056 λσος,
499 1970 555 2038 καὶ
578 1974 638 2038 τοί
657 1980 691 2039 Δ
699 1980 726 2039 Ζ
751 1975 935 2040 διπλασίων
960 1969 978 2040 6
1002 1979 1077 2040 ΘΑ.
1113 1973 1171 2040 καὶ

151 2075 399 2164 συναχθήσεται
426 2075 530 2145 πάλιν
556 2081 741 2147 διπλασίων
766 2077 783 2146 ὁ
809 2083 876 2145 ΘΓ
893 2081 953 2146 τοῦ
977 2084 1049 2146 ΓΖ·
1086 2075 1171 2146 ὥστε

150 2183 206 2250 καὶ
228 2181 289 2252 τὸν
308 2190 368 2252 ΓΘ
388 2188 466 2270 δίχα
488 2193 672 2271 τετμῆσθαι
695 2183 835 2254 κατὰτὸ
856 2192 894 2270 Ζ,
917 2185 973 2252 καὶ
992 2182 1048 2252 διά
1069 2188 1170 2252 τοῦτο

97 2316 131 2365 20
149 2288 210 2359 τὸν
235 2293 271 2359 ἐκ
288 2294 357 2359 τάν
377 2297 448 2375 ΘΒ,
469 2297 535 2358 ΒΓ
554 2291 634 2376 μετά
659 2294 719 2359 τοῦ
742 2290 807 2359 άπὸ
832 2297 897 2359 ΖΓ
916 2300 991 2359 ἴσον
1013 2297 1171 2377 γίνεσθαι

149 2401 195 2490 τῷ
215 2395 281 2465 άπὸ
300 2405 371 2465 ΒΖ.
402 2394 576 2465 ὑπόκειται
599 2396 637 2465 δὲ
659 2397 714 2464 καὶ
734 2395 752 2466 6
773 2399 808 2465 ἐκ
826 2401 895 2466 των
914 2405 991 2484 ΑΒ,
1009 2403 1077 2465 ΒΓ
1090 2397 1171 2484 μετὰ

151 2507 213 2571 τοῦ
241 2502 306 2571 άπὸ
329 2510 398 2572 ΓΕ
420 2512 492 2583 ἴσος
519 2506 564 2596 τῷ
594 2500 659 2570 άπὸ
683 2510 755 2571 ΒΖ.
802 2502 964 2573 ὥστεκαὶ
993 2502 1011 2572 ὁ
1040 2507 1075 2572 ἐκ
1102 2508 1172 2572 τῶν

153 2615 226 2695 ΘΒ,
245 2615 313 2677 ΒΓ
331 2607 411 2697 μετδι
430 2613 491 2677 τοῦ
510 2606 576 2678 άπὸ
596 2616 658 2677 ΓΖ
682 2618 755 2690 λσος
773 2615 864 2679 ἔσται
882 2621 928 2703 τῷ
953 2613 988 2679 ἐκ
1006 2615 1074 2678 τῶν
1092 2618 1125 2677 Α
1131 2619 1171 2696 Β,

152 2720 220 2781 ΒΓ
238 2715 318 2802 μετὰ
341 2725 403 2784 τοῦ
427 2712 492 2784 άπὸ
518 2721 593 2783 ΓΕ·
632 2714 713 2805 ὅπερ
737 2713 873 2784 άτοπον.
919 2713 980 2784 οὐκ
1003 2715 1068 2804 άρα
1092 2714 1110 2784 6
1136 2720 1173 2785 ἐκ

98 2847 133 2897 25
152 2836 220 2892 τῶν
243 2829 321 2910 ΑΒ,
344 2827 412 2889 ΒΓ
430 2820 511 2909 μετὰ
533 2826 594 2891 τοῦ
617 2820 682 2891 άπὸ
704 2829 769 2891 ΓΕ
790 2831 862 2902 ἴσος
885 2824 953 2891 ἐστὶ
978 2827 1052 2915 [2³93]
1077 2822 1173 2891 ἐλάσ-

226 2989 249 3038 1.
270 2986 378 3052 μείζονι
397 2985 423 3051 (ο
443 2984 496 3037 etz
515 2984 596 3051 corr.)
615 2982 651 3050 Β;
672 3003 715 3051 γρ.
735 2984 843 3052 μείζονι
861 2980 990 3051 κρεῖττόν
1010 2978 1068 3037 ἐστι
1087 3000 1174 3053 supra

152 3072 204 3111 scr.
224 3073 260 3110 m.
281 3061 296 3108 2
316 3052 350 3110 V.
424 3053 475 3126 μή]
495 3053 564 3124 μήτε
584 3055 680 3109 Theon
701 3052 836 3123 (Bm),
859 3053 881 3106 P
901 3072 937 3108 m.
957 3059 982 3108 2.
1037 3054 1106 3108 Post
1124 3074 1172 3124 μο-

151 3122 204 3188 νάς
227 3125 290 3179 add.
311 3124 422 3181 Theon:
452 3122 520 3193 μήτε
541 3122 556 3179 ὁ
577 3121 609 3180 ἐκ
628 3126 684 3179 τάν
704 3129 753 3179 ΑΒ
760 3165 769 3192 ,
788 3129 844 3178 ΒΓ
864 3122 935 3194 μετά
957 3125 1009 3180 τοῦ
1033 3120 1091 3179 άπὸ
1110 3127 1172 3190 (τοῦ

151 3196 215 3252 αδδ.
236 3196 271 3265 V)
293 3200 362 3266 ΓΛ,
385 3190 418 3256 ὅς
437 3190 546 3250 ἐστινὸ
573 3198 638 3263 (om.
658 3197 685 3263 b,
705 3214 761 3265 mg.
781 3196 815 3285 B)
838 3191 896 3250 άπὸ
922 3198 982 3265 (τοῦ
1001 3196 1065 3250 add.
1084 3195 1173 3265 PVb)

151 3272 206 3321 ΒΔ
225 3268 251 3336 (e
270 3283 339 3321 corr.
359 3285 396 3322 m.
416 3273 431 3320 2
451 3266 489 3335 V,
513 3272 566 3320 ΛΒ
585 3265 683 3335 PBb),
708 3268 767 3330 ἴσος
789 3287 806 3339 ῃ
825 3269 865 3339 τῷ
886 3264 917 3321 ἔτι
941 3263 1010 3335 (ὑπὸ
1028 3268 1093 3336 BV)
1116 3268 1173 3321 τῶν

154 3339 219 3405 (om.
239 3337 300 3406 PB)
325 3343 388 3405 AB,
409 3341 464 3391 ΒΓ
484 3333 555 3407 μετὰ
573 3338 624 3392 τοῦ
644 3333 702 3392 άπὸ
723 3338 784 3407 (τοῦ
805 3339 869 3395 add.
888 3338 951 3407 PV)
972 3341 1027 3392 ΓΕ
1046 3338 1174 3409 (BFVb‚

151 3407 228 3463 Pm.
248 3410 284 3478 λ).
353 3407 395 3480 εἰ]
416 3425 485 3464 corr.
506 3403 630 3478 exv'im.
651 3415 666 3462 2
686 3409 715 3463 P.
790 3416 815 3464 2.
835 3411 884 3478 τῆς
903 3413 957 3464 ΓΕ
974 3410 1005 3465 Ρ.
1081 3416 1105 3464 3.
1124 3410 1175 3478 τῆς

152 3483 205 3533 ΒΕ
225 3480 254 3534 Ρ.
328 3481 377 3549 τῆς
395 3483 452 3534 ΔΕ
471 3475 610 3551 μονάδος]
629 3496 682 3535 om.
702 3480 736 3536 V.
802 3478 950 3544 διπλάσιος
966 3481 996 3538 P.
1070 3488 1096 3536 4.
1118 3485 1174 3536 HA
