2474 3908
126 175 191 240 180
511 179 712 232 Σνοωιοιιιιι
730 177 757 233 ι’.

125 324 197 387 AK
218 322 286 386 ἐστι
309 318 347 386 τὸ
375 325 592 407 συγκείμενον
618 321 655 387 ἐκ
677 324 743 389 τῶν
767 318 832 387 άτο
855 301 924 388 τῶν
946 326 1038 406 ΜΝ,
1062 323 1140 407 ΝΞ,

125 423 163 494 τὸ
187 424 224 492 δὲ
248 431 312 491 ΕΛ
336 424 464 494 ἔστιτὸ
487 423 553 495 ὑπὸ
581 430 649 494 τάν
672 428 795 501 ΜΝΞ·
832 422 1049 514 ἀσύμμετρον
1076 425 1141 513 ἄρα

127 530 195 598 ἐστὶ
222 529 259 598 τὸ
288 538 506 619 συγκείμενον
534 534 569 600 ἐκ
596 536 664 601 τῶν
690 530 756 599 άτδ
778 535 847 599 τῶν
871 534 984 609 ΜΝΞ
1003 536 1052 623 τῷ
1075 532 1141 601 ὑπὸ

125 639 193 703 τῶν
217 641 335 713 ΜΝΞ.
372 644 431 705 καί
456 640 524 706 ἐστι
552 639 655 724 μέσον
684 637 840 726 ἑκάτερον
868 634 993 726 αὐτῶν,
1021 639 1081 706 καὶ
1109 642 1144 706 αί

91 763 107 812 5
127 747 216 824 MN,
240 746 309 818 ΝΞ
330 742 471 830 δυνάμει
493 744 579 811 εἰσὶν
605 742 820 831 άσάμμετροι.

188 847 229 915 Ἡ
251 853 324 925 ΜΞ
344 853 408 936 ἄρα
436 849 500 918 δύο
524 851 606 937 μέσα
630 851 800 937 δυναμένη
825 849 893 918 ἐστὶ
916 850 971 916 καὶ
995 848 1140 919 δύναται

125 953 163 1022 τὸ
187 962 265 1023 ΑΓ·
290 954 370 1042 ὅπερ
394 959 461 1024 ἔδει
487 958 599 1037 δεῖξαι.

551 1137 715 1220 [Λίνου

193 1255 271 1324 Ἐὰν
295 1254 412 1323 εὐθεῖα
434 1255 568 1344 γραμμὴ
592 1260 703 1345 τμηθῇ
727 1261 774 1335 εἰς
797 1254 908 1342 άνισα,
931 1254 970 1323 τά
991 1253 1059 1324 άτιὸ
1077 1284 1145 1326 τον

79 1381 111 1430 10
131 1360 259 1430 ἀνίσων
281 1359 471 1449 τετράγωνα
494 1361 627 1449 μειΐονά
651 1365 720 1431 ἐστι
743 1365 803 1430 τοῦ
827 1362 879 1441 δὶς
896 1359 964 1431 ὑπὸ
984 1365 1055 1430 τῶν
1074 1360 1146 1430 άνί-

128 1488 198 1536 σων
221 1469 458 1555 περιεχομένου
481 1466 704 1554 ὀρθογωνίου.

185 1572 293 1641 Ἔστω
331 1570 448 1673 εὐθεῖα
484 1573 505 1660 ἡ
544 1580 610 1640 ΑΒ
646 1574 701 1641 καὶ
738 1573 911 1660 τετμήσθω
953 1578 1001 1655 είς
1044 1574 1146 1644 άυισα

127 1677 209 1747 κατὰ
237 1677 274 1746 τὸ
304 1684 346 1764 Γ,
372 1679 428 1746 καὶ
459 1684 541 1747 ἔστω
574 1684 696 1765 μείζων
724 1680 745 1766 ἡ
774 1685 851 1747 ΑΓ·
887 1681 990 1768 λέγω,
1021 1681 1075 1750 ὅτι
1106 1680 1147 1749 τά

129 1783 194 1852 άτιὸ
226 1789 293 1853 των
324 1791 406 1872 ΑΓ,
439 1791 500 1853 ΓΒ
533 1786 668 1873 μείζονά
701 1788 770 1854 ἐστι
801 1791 861 1854 τοῦ
895 1788 948 1867 δὶς
977 1787 1046 1856 ὑπὸ
1078 1792 1146 1857 τῶν

79 1909 111 1958 15
130 1897 204 1978 ΑΓ,
230 1896 300 1961 ΓΒ.

199 1997 381 2086 Τετμήσθω
405 1997 469 2085 γάρ
491 1998 512 2084 ἡ
538 2005 602 2065 ΑΒ
627 2001 703 2085 δίχα
726 1998 809 2067 κατὰ
833 1998 870 2067 τὸ
894 2007 935 2069 Δ.
982 1999 1053 2068 ἐπεὶ
1084 1992 1146 2068 οὖν

129 2103 246 2173 εὐθεῖα
273 2103 407 2192 γραμμὴ
435 2107 589 2191 τέτμηται
617 2109 664 2185 είς
692 2104 754 2192 μὲν
784 2115 840 2173 ίσα
862 2104 945 2173 κατὰ
968 2104 1006 2173 τὸ
1027 2115 1076 2192 Δ,
1100 2110 1147 2186 είς

129 2212 167 2280 δὲ
189 2211 291 2279 άνισα
314 2208 397 2278 κατὰ
420 2209 457 2278 τὸ
482 2216 519 2297 Γ,
542 2208 580 2278 τὸ
603 2209 668 2298 άρα
690 2210 757 2280 ὑπὸ
781 2216 850 2280 τῶν
872 2219 955 2299 ΑΓ,
978 2218 1041 2279 ΓΒ
1065 2211 1146 2300 μετά

132 2323 192 2386 τοῦ
221 2315 286 2385 άπὸ
315 2322 382 2383 ΓΔ
409 2325 485 2384 ίσον
513 2317 581 2384 ἐστὶ
608 2321 654 2408 τῷ
685 2314 750 2384 άπὸ
774 2326 863 2385 ΑΛ·
901 2315 985 2387 ὥστε
1014 2317 1053 2387 τὸ
1081 2317 1146 2386 ὑπὸ

77 2444 111 2493 20
129 2429 197 2494 τάν
221 2428 301 2508 ΑΓ,
323 2427 382 2489 ΓΒ
405 2421 542 2491 ἔλαττόν
565 2425 633 2491 ἐστι
655 2427 717 2491 τοῦ
741 2420 805 2491 άτιὸ
829 2432 912 2491 ΑΛ·
945 2422 983 2492 τὸ
1006 2422 1074 2513 άρα
1096 2424 1148 2504 δίς

128 2529 195 2598 ὑπὸ
219 2539 287 2597 τῶν
311 2533 390 2614 ΑΓ,
414 2534 476 2596 ΓΒ
501 2534 636 2597 ἔλαττον
660 2527 681 2615 ἢ
707 2531 882 2598 διπλάσιόν
906 2531 974 2599 ἐστι
996 2535 1059 2599 τοῦ
1083 2529 1147 2600 άιιδ

129 2642 210 2703 ΑΔ.
254 2630 337 2701 άίλά
361 2632 401 2701 τδι
425 2632 489 2702 άπὸ
513 2646 580 2704 τῶν
599 2640 675 2721 ΑΓ,
695 2641 756 2703 ΓΒ
780 2635 936 2704 διπλάσιά
957 2638 1055 2722 [ἐστι]
1080 2641 1147 2706 των

130 2737 196 2809 άτδ
215 2744 283 2808 τῶν
302 2749 382 2826 ΑΔ,
403 2749 436 2808 Δ
444 2747 483 2808 Γ·
507 2738 547 2807 τά
571 2738 636 2830 άρα
659 2739 723 2809 άτιὸ
747 2746 815 2809 τῶν
834 2748 908 2828 ΑΓ,
928 2747 990 2810 ΓΒ
1013 2741 1148 2829 μείζονά

130 2849 200 2916 ἐστι
222 2851 283 2916 τοῦ
307 2847 359 2927 δὶς
381 2845 448 2915 ὑπὸ
471 2851 540 2916 τάν
564 2853 640 2933 ΑΓ,
664 2853 739 2915 ΓΒ·
764 2848 844 2935 ὅπερ
868 2851 936 2916 ἔδει
960 2849 1091 2934 δείξαι]

77 3082 111 3131 25
621 3041 656 3121 ξ’·

202 3141 252 3233 Τδ
283 3163 357 3232 άιιὸ
385 3168 452 3250 τῆς
480 3167 521 3231 ἐκ
549 3161 620 3231 δύο
650 3160 859 3250 ὀνομάτων
891 3161 993 3251 παρὰ
1027 3166 1149 3252 ῥητὴν

156 3371 445 3462 ’2.ἐσιι]αι.2δ.
499 3374 732 3446 w3v]0m.BFb.
784 3381 813 3460 ff
833 3377 986 3445 MN‚N.'÷7
1002 3376 1037 3432 V.
1094 3378 1144 3503 tv

132 3465 164 3501 το
184 3444 243 3502 FV.
317 3451 341 3502 4.
361 3449 437 3515 MN,
456 3448 521 3506 ΝΞ
538 3446 663 3503 mv,
737 3442 795 3502 ἔστι
815 3447 845 3503 P.
919 3445 1146 3520 μέσον]μέν.

169 3524 193 3573 6.
214 3516 335 3587 δυνάμει
353 3519 387 3575 V.
452 3523 476 3573 8.
494 3517 602 3590 λῆμμα]
624 3536 659 3575 m.
678 3524 694 3573 2
713 3516 744 3572 P.
808 3524 849 3573 10.
869 3520 937 3573 ίσων
957 3518 991 3589 V,
1011 3522 1061 3575 sod
1081 3537 1148 3577 οοῐτ.
