<?xml version="1.0" encoding="UTF-8"?>
<!DOCTYPE html PUBLIC "-//W3C//DTD XHTML 1.0 Transitional//EN"
    "http://www.w3.org/TR/xhtml1/DTD/xhtml1-transitional.dtd">
<html xmlns="http://www.w3.org/1999/xhtml" xml:lang="en" lang="en">
 <head>
  <title>
</title>
<meta http-equiv="Content-Type" content="text/html;charset=utf-8" />
  <meta name='ocr-system' content='tesseract 3.04.00' />
  <meta name='ocr-capabilities' content='ocr_page ocr_carea ocr_par ocr_line ocrx_word'/>
</head>
<body>
  <div class='ocr_page' id='page_1' title='image "./euclidisoperaom06unkngoog_0191.png"; bbox 0 0 2474 3908; ppageno 0'>
   <div class='ocr_carea' id='block_1_1' title="bbox 140 184 770 253">
    <p class='ocr_par' dir='ltr' id='par_1_1' title="bbox 140 184 770 253">
     <span class='ocr_line' id='line_1_1' title="bbox 140 184 770 253; baseline 0.008 -17"><span class='ocrx_word' id='word_1_1' title='bbox 140 189 203 253; x_wconf 76' lang='lat'><em>178</em></span> <span class='ocrx_word' id='word_1_2' title='bbox 524 188 725 241; x_wconf 66' lang='grc' dir='ltr'><strong><em>Στοιαειοιι</em></strong></span> <span class='ocrx_word' id='word_1_3' title='bbox 744 184 770 241; x_wconf 77' lang='grc' dir='ltr'><em>ι’.</em></span> 
     </span>
    </p>
   </div>
   <div class='ocr_carea' id='block_1_2' title="bbox 82 326 1156 2416">
    <p class='ocr_par' dir='ltr' id='par_1_2' title="bbox 138 326 1154 522">
     <span class='ocr_line' id='line_1_2' title="bbox 198 326 1154 416; baseline -0.001 -18"><span class='ocrx_word' id='word_1_4' title='bbox 198 329 244 398; x_wconf 89' lang='grc' dir='ltr'><em>Ἦ</em></span> <span class='ocrx_word' id='word_1_5' title='bbox 267 332 342 406; x_wconf 72' lang='grc' dir='ltr'><em>ΜΞ</em></span> <span class='ocrx_word' id='word_1_6' title='bbox 367 327 431 414; x_wconf 80' lang='grc' dir='ltr'><em>ἄρα</em></span> <span class='ocrx_word' id='word_1_7' title='bbox 464 326 567 416; x_wconf 81' lang='grc' dir='ltr'><strong><em>ῥητὸν</em></strong></span> <span class='ocrx_word' id='word_1_8' title='bbox 601 329 656 395; x_wconf 81' lang='grc' dir='ltr'><em>καὶ</em></span> <span class='ocrx_word' id='word_1_9' title='bbox 683 331 786 415; x_wconf 83' lang='grc' dir='ltr'><strong><em>μέσον</em></strong></span> <span class='ocrx_word' id='word_1_10' title='bbox 810 329 980 415; x_wconf 79' lang='grc' dir='ltr'><em>δυναμένη</em></span> <span class='ocrx_word' id='word_1_11' title='bbox 1005 329 1078 397; x_wconf 81' lang='grc' dir='ltr'><strong><em>έστὶ</em></strong></span> <span class='ocrx_word' id='word_1_12' title='bbox 1100 330 1154 397; x_wconf 71' lang='grc' dir='ltr'><em>καὶ</em></span> 
     </span>
     <span class='ocr_line' id='line_1_3' title="bbox 138 431 926 522; baseline -0.003 -18"><span class='ocrx_word' id='word_1_13' title='bbox 138 435 279 504; x_wconf 84' lang='grc' dir='ltr'><em>δύναται</em></span> <span class='ocrx_word' id='word_1_14' title='bbox 303 434 340 501; x_wconf 89' lang='grc' dir='ltr'><em>τὸ</em></span> <span class='ocrx_word' id='word_1_15' title='bbox 363 439 439 501; x_wconf 88' lang='grc' dir='ltr'><em>ΑΓ</em></span> <span class='ocrx_word' id='word_1_16' title='bbox 456 439 593 522; x_wconf 87' lang='grc' dir='ltr'><strong><em>χωρίον·</em></strong></span> <span class='ocrx_word' id='word_1_17' title='bbox 619 431 698 519; x_wconf 81' lang='grc' dir='ltr'><strong><em>ὅπερ</em></strong></span> <span class='ocrx_word' id='word_1_18' title='bbox 723 437 790 500; x_wconf 85' lang='grc' dir='ltr'><em>ἔδει</em></span> <span class='ocrx_word' id='word_1_19' title='bbox 815 435 926 514; x_wconf 77' lang='grc' dir='ltr'><em>δεῖξαι.</em></span> 
     </span>
    </p>

    <p class='ocr_par' dir='ltr' id='par_1_3' title="bbox 614 610 679 680">
     <span class='ocr_line' id='line_1_4' title="bbox 614 610 679 680; baseline 0.077 -5"><span class='ocrx_word' id='word_1_20' title='bbox 614 610 679 680; x_wconf 82' lang='grc' dir='ltr'><em>νθ’.</em></span> 
     </span>
    </p>

    <p class='ocr_par' dir='ltr' id='par_1_4' title="bbox 200 732 1156 824">
     <span class='ocr_line' id='line_1_5' title="bbox 200 732 1156 824; baseline 0.004 -23"><span class='ocrx_word' id='word_1_21' title='bbox 200 732 287 803; x_wconf 82' lang='grc' dir='ltr'><em>Ἐὰν</em></span> <span class='ocrx_word' id='word_1_22' title='bbox 316 738 464 822; x_wconf 82' lang='grc' dir='ltr'><strong><em>χωρίον</em></strong></span> <span class='ocrx_word' id='word_1_23' title='bbox 491 735 721 820; x_wconf 81' lang='grc' dir='ltr'><strong><em>περιέχηται</em></strong></span> <span class='ocrx_word' id='word_1_24' title='bbox 749 734 823 802; x_wconf 87' lang='grc' dir='ltr'><em>ὑτιδ</em></span> <span class='ocrx_word' id='word_1_25' title='bbox 853 736 973 822; x_wconf 79' lang='grc' dir='ltr'><em>ῥητῆς</em></span> <span class='ocrx_word' id='word_1_26' title='bbox 997 736 1156 824; x_wconf 80' lang='grc' dir='ltr'><em>καὶτῆς</em></span> 
     </span>
    </p>

    <p class='ocr_par' dir='ltr' id='par_1_5' title="bbox 101 838 1154 1036">
     <span class='ocr_line' id='line_1_6' title="bbox 101 838 1154 929; baseline 0.003 -21"><span class='ocrx_word' id='word_1_27' title='bbox 101 843 176 914; x_wconf 77' lang='grc' dir='ltr'><em>εέκ</em></span> <span class='ocrx_word' id='word_1_28' title='bbox 201 839 272 908; x_wconf 84' lang='grc' dir='ltr'><em>δύο</em></span> <span class='ocrx_word' id='word_1_29' title='bbox 296 838 503 927; x_wconf 79' lang='grc' dir='ltr'><em>ὀνομάτων</em></span> <span class='ocrx_word' id='word_1_30' title='bbox 526 840 654 925; x_wconf 78' lang='grc' dir='ltr'><em>ἕκτης,</em></span> <span class='ocrx_word' id='word_1_31' title='bbox 678 839 698 926; x_wconf 83' lang='grc' dir='ltr'><em>ἡ</em></span> <span class='ocrx_word' id='word_1_32' title='bbox 717 838 760 907; x_wconf 89' lang='grc' dir='ltr'><em>τὸ</em></span> <span class='ocrx_word' id='word_1_33' title='bbox 780 846 927 927; x_wconf 83' lang='grc' dir='ltr'><em>χωρίον</em></span> <span class='ocrx_word' id='word_1_34' title='bbox 947 843 1154 929; x_wconf 80' lang='grc' dir='ltr'><em>δυναμένη</em></span> 
     </span>
     <span class='ocr_line' id='line_1_7' title="bbox 135 945 1153 1036; baseline 0.006 -24"><span class='ocrx_word' id='word_1_35' title='bbox 135 945 279 1032; x_wconf 80' lang='grc' dir='ltr'><em>άλογός</em></span> <span class='ocrx_word' id='word_1_36' title='bbox 303 948 410 1014; x_wconf 90' lang='grc' dir='ltr'><strong><em>έστιν</em></strong></span> <span class='ocrx_word' id='word_1_37' title='bbox 432 945 452 1031; x_wconf 83' lang='grc' dir='ltr'><em>ἡ</em></span> <span class='ocrx_word' id='word_1_38' title='bbox 471 948 695 1032; x_wconf 82' lang='grc' dir='ltr'><em>καλουμένη</em></span> <span class='ocrx_word' id='word_1_39' title='bbox 720 945 792 1013; x_wconf 90' lang='grc' dir='ltr'><em>δύο</em></span> <span class='ocrx_word' id='word_1_40' title='bbox 816 948 914 1032; x_wconf 85' lang='grc' dir='ltr'><em>μέσα</em></span> <span class='ocrx_word' id='word_1_41' title='bbox 938 951 1153 1036; x_wconf 90' lang='grc' dir='ltr'><em>δυναμένη.</em></span> 
     </span>
    </p>

    <p class='ocr_par' dir='ltr' id='par_1_6' title="bbox 134 1050 1156 1354">
     <span class='ocr_line' id='line_1_8' title="bbox 201 1050 1156 1143; baseline 0.003 -23"><span class='ocrx_word' id='word_1_42' title='bbox 201 1058 336 1136; x_wconf 87' lang='grc' dir='ltr'><strong><em>Χωρίον</em></strong></span> <span class='ocrx_word' id='word_1_43' title='bbox 359 1050 424 1137; x_wconf 82' lang='grc' dir='ltr'><em>γάρ</em></span> <span class='ocrx_word' id='word_1_44' title='bbox 447 1051 485 1120; x_wconf 87' lang='grc' dir='ltr'><em>τὸ</em></span> <span class='ocrx_word' id='word_1_45' title='bbox 504 1056 637 1119; x_wconf 86' lang='grc' dir='ltr'><em>ΑΒΓΔ</em></span> <span class='ocrx_word' id='word_1_46' title='bbox 655 1053 859 1139; x_wconf 79' lang='grc' dir='ltr'><strong><em>περιεχέσθω</em></strong></span> <span class='ocrx_word' id='word_1_47' title='bbox 882 1051 948 1121; x_wconf 80' lang='grc' dir='ltr'><em>ὑπὸ</em></span> <span class='ocrx_word' id='word_1_48' title='bbox 973 1055 1080 1142; x_wconf 82' lang='grc' dir='ltr'><em>ῥητῆς</em></span> <span class='ocrx_word' id='word_1_49' title='bbox 1098 1060 1156 1143; x_wconf 79' lang='grc' dir='ltr'><em>τῆς</em></span> 
     </span>
     <span class='ocr_line' id='line_1_9' title="bbox 134 1154 1155 1251; baseline 0.003 -25"><span class='ocrx_word' id='word_1_50' title='bbox 134 1166 200 1226; x_wconf 84' lang='grc' dir='ltr'><em>ΑΒ</em></span> <span class='ocrx_word' id='word_1_51' title='bbox 222 1159 359 1244; x_wconf 79' lang='grc' dir='ltr'><em>καὶτῆς</em></span> <span class='ocrx_word' id='word_1_52' title='bbox 382 1160 418 1224; x_wconf 88' lang='grc' dir='ltr'><em>έκ</em></span> <span class='ocrx_word' id='word_1_53' title='bbox 441 1158 503 1225; x_wconf 88' lang='grc' dir='ltr'><em>δύο</em></span> <span class='ocrx_word' id='word_1_54' title='bbox 532 1154 708 1243; x_wconf 78' lang='grc' dir='ltr'><em>ὀνομάτων</em></span> <span class='ocrx_word' id='word_1_55' title='bbox 737 1159 830 1244; x_wconf 79' lang='grc' dir='ltr'><em>ἕκτης</em></span> <span class='ocrx_word' id='word_1_56' title='bbox 859 1163 918 1244; x_wconf 80' lang='grc' dir='ltr'><em>τῆς</em></span> <span class='ocrx_word' id='word_1_57' title='bbox 940 1167 1013 1226; x_wconf 90' lang='grc' dir='ltr'><em>ΑΔ</em></span> <span class='ocrx_word' id='word_1_58' title='bbox 1036 1164 1155 1251; x_wconf 86' lang='grc' dir='ltr'><em>διηρη-</em></span> 
     </span>
     <span class='ocr_line' id='line_1_10' title="bbox 134 1261 1155 1354; baseline 0.005 -23"><span class='ocrx_word' id='word_1_59' title='bbox 134 1265 236 1351; x_wconf 81' lang='grc' dir='ltr'><em>μένης</em></span> <span class='ocrx_word' id='word_1_60' title='bbox 266 1268 313 1343; x_wconf 79' lang='grc' dir='ltr'><em>εἰς</em></span> <span class='ocrx_word' id='word_1_61' title='bbox 344 1264 384 1330; x_wconf 85' lang='grc' dir='ltr'><em>τὰ</em></span> <span class='ocrx_word' id='word_1_62' title='bbox 415 1261 562 1348; x_wconf 87' lang='grc' dir='ltr'><em>ὀνόματα</em></span> <span class='ocrx_word' id='word_1_63' title='bbox 594 1262 677 1329; x_wconf 83' lang='grc' dir='ltr'><em>κατὰ</em></span> <span class='ocrx_word' id='word_1_64' title='bbox 705 1262 742 1331; x_wconf 87' lang='grc' dir='ltr'><em>τὸ</em></span> <span class='ocrx_word' id='word_1_65' title='bbox 774 1272 817 1350; x_wconf 88' lang='grc' dir='ltr'><em>Ε,</em></span> <span class='ocrx_word' id='word_1_66' title='bbox 851 1262 934 1332; x_wconf 78' lang='grc' dir='ltr'><strong><em>ὥστε</em></strong></span> <span class='ocrx_word' id='word_1_67' title='bbox 966 1264 1005 1333; x_wconf 88' lang='grc' dir='ltr'><em>τὸ</em></span> <span class='ocrx_word' id='word_1_68' title='bbox 1038 1274 1155 1354; x_wconf 83' lang='grc' dir='ltr'><em>μεῖζον</em></span> 
     </span>
    </p>

    <p class='ocr_par' dir='ltr' id='par_1_7' title="bbox 83 1366 1153 1561">
     <span class='ocr_line' id='line_1_11' title="bbox 83 1366 1153 1461; baseline 0.006 -25"><span class='ocrx_word' id='word_1_69' title='bbox 83 1396 115 1445; x_wconf 84' lang='lat'><em>10</em></span> <span class='ocrx_word' id='word_1_70' title='bbox 135 1367 242 1455; x_wconf 80' lang='grc' dir='ltr'><em>ὄνομα</em></span> <span class='ocrx_word' id='word_1_71' title='bbox 261 1366 348 1436; x_wconf 86' lang='grc' dir='ltr'><em>εἶναι</em></span> <span class='ocrx_word' id='word_1_72' title='bbox 370 1369 408 1436; x_wconf 87' lang='grc' dir='ltr'><em>τὸ</em></span> <span class='ocrx_word' id='word_1_73' title='bbox 432 1377 511 1436; x_wconf 86' lang='grc' dir='ltr'><em>ΑΕ·</em></span> <span class='ocrx_word' id='word_1_74' title='bbox 535 1370 636 1455; x_wconf 80' lang='grc' dir='ltr'><em>λέγω,</em></span> <span class='ocrx_word' id='word_1_75' title='bbox 661 1367 712 1437; x_wconf 84' lang='grc' dir='ltr'><em>ὅτι</em></span> <span class='ocrx_word' id='word_1_76' title='bbox 736 1370 756 1457; x_wconf 81' lang='grc' dir='ltr'><em>ἡ</em></span> <span class='ocrx_word' id='word_1_77' title='bbox 781 1369 818 1438; x_wconf 87' lang='grc' dir='ltr'><em>τὸ</em></span> <span class='ocrx_word' id='word_1_78' title='bbox 842 1377 912 1438; x_wconf 89' lang='grc' dir='ltr'><em>ΑΓ</em></span> <span class='ocrx_word' id='word_1_79' title='bbox 931 1374 1107 1460; x_wconf 92' lang='grc' dir='ltr'><em>δυναμένη</em></span> <span class='ocrx_word' id='word_1_80' title='bbox 1130 1402 1153 1461; x_wconf 93' lang='grc' dir='ltr'><em>η</em></span> 
     </span>
     <span class='ocr_line' id='line_1_12' title="bbox 135 1473 622 1561; baseline 0.002 -20"><span class='ocrx_word' id='word_1_81' title='bbox 135 1473 197 1542; x_wconf 83' lang='grc' dir='ltr'><em>δύο</em></span> <span class='ocrx_word' id='word_1_82' title='bbox 221 1477 305 1561; x_wconf 91' lang='grc' dir='ltr'><em>μέσα</em></span> <span class='ocrx_word' id='word_1_83' title='bbox 328 1476 498 1561; x_wconf 75' lang='grc' dir='ltr'><em>δυναμένη</em></span> <span class='ocrx_word' id='word_1_84' title='bbox 523 1476 622 1543; x_wconf 85' lang='grc' dir='ltr'><strong><em>έστέν.</em></strong></span> 
     </span>
    </p>

    <p class='ocr_par' dir='ltr' id='par_1_8' title="bbox 134 1579 1154 1884">
     <span class='ocr_line' id='line_1_13' title="bbox 201 1579 1154 1672; baseline 0.009 -26"><span class='ocrx_word' id='word_1_85' title='bbox 201 1579 469 1648; x_wconf 77' lang='grc' dir='ltr'><em>Κατεσκευάσθω</em></span> <span class='ocrx_word' id='word_1_86' title='bbox 490 1581 582 1667; x_wconf 80' lang='grc' dir='ltr'><strong><em>[γὰρ]</em></strong></span> <span class='ocrx_word' id='word_1_87' title='bbox 598 1583 639 1649; x_wconf 85' lang='grc' dir='ltr'><em>τὰ</em></span> <span class='ocrx_word' id='word_1_88' title='bbox 659 1580 742 1650; x_wconf 81' lang='grc' dir='ltr'><em>αὐτὰ</em></span> <span class='ocrx_word' id='word_1_89' title='bbox 761 1596 831 1662; x_wconf 83' lang='grc' dir='ltr'><em>τοῖς</em></span> <span class='ocrx_word' id='word_1_90' title='bbox 848 1587 1154 1672; x_wconf 83' lang='grc' dir='ltr'><em>προδεδειγμένοις.</em></span> 
     </span>
     <span class='ocr_line' id='line_1_14' title="bbox 135 1684 1152 1779; baseline 0.007 -26"><span class='ocrx_word' id='word_1_91' title='bbox 135 1685 286 1775; x_wconf 83' lang='grc' dir='ltr'><strong><em>φανερὸν</em></strong></span> <span class='ocrx_word' id='word_1_92' title='bbox 310 1686 368 1774; x_wconf 81' lang='grc' dir='ltr'><em>δή,</em></span> <span class='ocrx_word' id='word_1_93' title='bbox 397 1684 448 1755; x_wconf 84' lang='grc' dir='ltr'><em>ὅτι</em></span> <span class='ocrx_word' id='word_1_94' title='bbox 473 1687 521 1774; x_wconf 83' lang='grc' dir='ltr'><em>[ἡ]</em></span> <span class='ocrx_word' id='word_1_95' title='bbox 545 1686 583 1754; x_wconf 87' lang='grc' dir='ltr'><em>τὸ</em></span> <span class='ocrx_word' id='word_1_96' title='bbox 608 1694 676 1755; x_wconf 91' lang='grc' dir='ltr'><em>ΑΓ</em></span> <span class='ocrx_word' id='word_1_97' title='bbox 700 1690 870 1776; x_wconf 89' lang='grc' dir='ltr'><em>δυναμένη</em></span> <span class='ocrx_word' id='word_1_98' title='bbox 899 1690 990 1757; x_wconf 78' lang='grc' dir='ltr'><strong><em>ἐστὶν</em></strong></span> <span class='ocrx_word' id='word_1_99' title='bbox 1019 1691 1040 1778; x_wconf 79' lang='grc' dir='ltr'><em>ἡ</em></span> <span class='ocrx_word' id='word_1_100' title='bbox 1068 1696 1152 1779; x_wconf 71' lang='grc' dir='ltr'><em>ΜΞ,</em></span> 
     </span>
     <span class='ocr_line' id='line_1_15' title="bbox 134 1791 1152 1884; baseline 0.008 -24"><span class='ocrx_word' id='word_1_101' title='bbox 134 1794 189 1860; x_wconf 81' lang='grc' dir='ltr'><em>καὶ</em></span> <span class='ocrx_word' id='word_1_102' title='bbox 214 1791 263 1860; x_wconf 88' lang='grc' dir='ltr'><em>ὅτι</em></span> <span class='ocrx_word' id='word_1_103' title='bbox 289 1792 498 1880; x_wconf 76' lang='grc' dir='ltr'><em>ἀσύμμετρός</em></span> <span class='ocrx_word' id='word_1_104' title='bbox 522 1794 652 1880; x_wconf 82' lang='grc' dir='ltr'><strong><em>ἐστινὴ</em></strong></span> <span class='ocrx_word' id='word_1_105' title='bbox 672 1801 750 1863; x_wconf 90' lang='grc' dir='ltr'><em>ΜΝ</em></span> <span class='ocrx_word' id='word_1_106' title='bbox 765 1799 804 1884; x_wconf 79' lang='grc' dir='ltr'><em>τῇ</em></span> <span class='ocrx_word' id='word_1_107' title='bbox 820 1798 889 1873; x_wconf 73' lang='grc' dir='ltr'><em>ΝΞ</em></span> <span class='ocrx_word' id='word_1_108' title='bbox 906 1795 1058 1884; x_wconf 79' lang='grc' dir='ltr'><em>δυνάμει.</em></span> <span class='ocrx_word' id='word_1_109' title='bbox 1096 1800 1152 1868; x_wconf 75' lang='grc' dir='ltr'><em>καὶ</em></span> 
     </span>
    </p>

    <p class='ocr_par' dir='ltr' id='par_1_9' title="bbox 82 1898 1151 2416">
     <span class='ocr_line' id='line_1_16' title="bbox 82 1898 1151 1993; baseline 0.003 -22"><span class='ocrx_word' id='word_1_110' title='bbox 82 1924 114 1973; x_wconf 80' lang='lat'><em>15</em></span> <span class='ocrx_word' id='word_1_111' title='bbox 134 1900 204 1968; x_wconf 80' lang='grc' dir='ltr'><em>ἐπεὶ</em></span> <span class='ocrx_word' id='word_1_112' title='bbox 232 1898 441 1986; x_wconf 79' lang='grc' dir='ltr'><em>ἀσύμμετρός</em></span> <span class='ocrx_word' id='word_1_113' title='bbox 469 1899 603 1985; x_wconf 82' lang='grc' dir='ltr'><strong><em>ἐστινὴ</em></strong></span> <span class='ocrx_word' id='word_1_114' title='bbox 627 1907 694 1967; x_wconf 91' lang='lat' dir='ltr'><em>EA</em></span> <span class='ocrx_word' id='word_1_115' title='bbox 720 1904 759 1988; x_wconf 71' lang='grc' dir='ltr'><em>τῇ</em></span> <span class='ocrx_word' id='word_1_116' title='bbox 782 1908 850 1968; x_wconf 91' lang='grc' dir='ltr'><em>ΑΒ</em></span> <span class='ocrx_word' id='word_1_117' title='bbox 873 1900 984 1988; x_wconf 81' lang='grc' dir='ltr'><strong><em>μήκει,</em></strong></span> <span class='ocrx_word' id='word_1_118' title='bbox 1013 1907 1051 1970; x_wconf 74' lang='grc' dir='ltr'><em>αἱ</em></span> <span class='ocrx_word' id='word_1_119' title='bbox 1074 1914 1151 1993; x_wconf 85' lang='grc' dir='ltr'><em>ΕΑ,</em></span> 
     </span>
     <span class='ocr_line' id='line_1_17' title="bbox 133 2004 1151 2097; baseline 0.008 -24"><span class='ocrx_word' id='word_1_120' title='bbox 133 2014 198 2074; x_wconf 89' lang='grc' dir='ltr'><em>ΑΒ</em></span> <span class='ocrx_word' id='word_1_121' title='bbox 222 2005 286 2092; x_wconf 86' lang='grc' dir='ltr'><em>άρα</em></span> <span class='ocrx_word' id='word_1_122' title='bbox 309 2008 410 2094; x_wconf 82' lang='grc' dir='ltr'><em>ῥηταί</em></span> <span class='ocrx_word' id='word_1_123' title='bbox 424 2009 490 2073; x_wconf 78' lang='grc' dir='ltr'><strong><em>εἰσι</em></strong></span> <span class='ocrx_word' id='word_1_124' title='bbox 514 2004 656 2092; x_wconf 78' lang='grc' dir='ltr'><em>δυνάμει</em></span> <span class='ocrx_word' id='word_1_125' title='bbox 683 2006 791 2093; x_wconf 92' lang='grc' dir='ltr'><em>μόνον</em></span> <span class='ocrx_word' id='word_1_126' title='bbox 818 2009 1013 2095; x_wconf 82' lang='grc' dir='ltr'><strong><em>σύμμετροι·</em></strong></span> <span class='ocrx_word' id='word_1_127' title='bbox 1045 2013 1151 2097; x_wconf 82' lang='grc' dir='ltr'><em>μέσον</em></span> 
     </span>
     <span class='ocr_line' id='line_1_18' title="bbox 133 2109 1150 2199; baseline 0.008 -20"><span class='ocrx_word' id='word_1_128' title='bbox 133 2111 197 2199; x_wconf 85' lang='grc' dir='ltr'><em>άρα</em></span> <span class='ocrx_word' id='word_1_129' title='bbox 218 2113 286 2181; x_wconf 82' lang='grc' dir='ltr'><strong><em>ἐστὶ</em></strong></span> <span class='ocrx_word' id='word_1_130' title='bbox 304 2109 341 2178; x_wconf 87' lang='grc' dir='ltr'><em>τὸ</em></span> <span class='ocrx_word' id='word_1_131' title='bbox 361 2118 441 2198; x_wconf 84' lang='grc' dir='ltr'><em>ΑΚ,</em></span> <span class='ocrx_word' id='word_1_132' title='bbox 463 2112 612 2179; x_wconf 87' lang='grc' dir='ltr'><em>τουτέστι</em></span> <span class='ocrx_word' id='word_1_133' title='bbox 635 2109 673 2179; x_wconf 90' lang='grc' dir='ltr'><em>τὸ</em></span> <span class='ocrx_word' id='word_1_134' title='bbox 697 2119 916 2199; x_wconf 82' lang='grc' dir='ltr'><em>συγκείμενον</em></span> <span class='ocrx_word' id='word_1_135' title='bbox 940 2117 976 2183; x_wconf 91' lang='grc' dir='ltr'><em>έκ</em></span> <span class='ocrx_word' id='word_1_136' title='bbox 994 2110 1064 2184; x_wconf 77' lang='grc' dir='ltr'><em>τεόν</em></span> <span class='ocrx_word' id='word_1_137' title='bbox 1084 2115 1150 2187; x_wconf 80' lang='grc' dir='ltr'><em>ἀπὸ</em></span> 
     </span>
     <span class='ocr_line' id='line_1_19' title="bbox 131 2216 1150 2309; baseline 0.008 -25"><span class='ocrx_word' id='word_1_138' title='bbox 131 2222 200 2285; x_wconf 82' lang='grc' dir='ltr'><em>τῶν</em></span> <span class='ocrx_word' id='word_1_139' title='bbox 223 2224 317 2303; x_wconf 87' lang='lat' dir='ltr'><em>MN,</em></span> <span class='ocrx_word' id='word_1_140' title='bbox 336 2220 411 2294; x_wconf 73' lang='grc' dir='ltr'><strong>ΝΞ.</strong></span> <span class='ocrx_word' id='word_1_141' title='bbox 458 2216 574 2302; x_wconf 81' lang='grc' dir='ltr'><em>πάλιν,</em></span> <span class='ocrx_word' id='word_1_142' title='bbox 600 2218 668 2285; x_wconf 77' lang='grc' dir='ltr'><strong><em>έτιεὶ</em></strong></span> <span class='ocrx_word' id='word_1_143' title='bbox 693 2216 901 2305; x_wconf 82' lang='grc' dir='ltr'><em>ἀσύμμετρός</em></span> <span class='ocrx_word' id='word_1_144' title='bbox 924 2222 1016 2288; x_wconf 84' lang='grc' dir='ltr'><strong><em>ἐστιν</em></strong></span> <span class='ocrx_word' id='word_1_145' title='bbox 1038 2222 1060 2309; x_wconf 82' lang='grc' dir='ltr'><em>ἡ</em></span> <span class='ocrx_word' id='word_1_146' title='bbox 1082 2231 1150 2292; x_wconf 92' lang='grc' dir='ltr'><em>ΕΔ</em></span> 
     </span>
     <span class='ocr_line' id='line_1_20' title="bbox 132 2320 1149 2416; baseline 0.006 -25"><span class='ocrx_word' id='word_1_147' title='bbox 132 2329 171 2413; x_wconf 75' lang='grc' dir='ltr'><em>τῇ</em></span> <span class='ocrx_word' id='word_1_148' title='bbox 190 2332 223 2390; x_wconf 84' lang='grc' dir='ltr'><em>Α</em></span> <span class='ocrx_word' id='word_1_149' title='bbox 230 2332 258 2391; x_wconf 94' lang='grc' dir='ltr'><strong><em>Β</em></strong></span> <span class='ocrx_word' id='word_1_150' title='bbox 277 2323 383 2409; x_wconf 86' lang='grc' dir='ltr'><em>μήκει,</em></span> <span class='ocrx_word' id='word_1_151' title='bbox 407 2320 616 2412; x_wconf 79' lang='grc' dir='ltr'><em>ἀσύμμετρος</em></span> <span class='ocrx_word' id='word_1_152' title='bbox 639 2321 704 2411; x_wconf 76' lang='grc' dir='ltr'><em>ἄρα</em></span> <span class='ocrx_word' id='word_1_153' title='bbox 724 2324 792 2392; x_wconf 81' lang='grc' dir='ltr'><strong><em>ἐστὶ</em></strong></span> <span class='ocrx_word' id='word_1_154' title='bbox 810 2325 866 2392; x_wconf 81' lang='grc' dir='ltr'><em>καὶ</em></span> <span class='ocrx_word' id='word_1_155' title='bbox 885 2325 905 2413; x_wconf 80' lang='grc' dir='ltr'><em>ἡ</em></span> <span class='ocrx_word' id='word_1_156' title='bbox 927 2334 991 2394; x_wconf 89' lang='grc' dir='ltr'><em>ΖΕ</em></span> <span class='ocrx_word' id='word_1_157' title='bbox 1007 2331 1047 2416; x_wconf 78' lang='grc' dir='ltr'><em>τῇ</em></span> <span class='ocrx_word' id='word_1_158' title='bbox 1069 2336 1149 2397; x_wconf 86' lang='grc' dir='ltr'><em>ΕΚ·</em></span> 
     </span>
    </p>
   </div>
   <div class='ocr_carea' id='block_1_3' title="bbox 78 2427 1148 2841">
    <p class='ocr_par' dir='ltr' id='par_1_10' title="bbox 78 2427 1148 2841">
     <span class='ocr_line' id='line_1_21' title="bbox 78 2427 1148 2524; baseline 0.007 -28"><span class='ocrx_word' id='word_1_159' title='bbox 78 2455 112 2503; x_wconf 76' lang='lat'><em>20</em></span> <span class='ocrx_word' id='word_1_160' title='bbox 133 2433 170 2497; x_wconf 81' lang='grc' dir='ltr'><em>κέ</em></span> <span class='ocrx_word' id='word_1_161' title='bbox 187 2437 258 2513; x_wconf 89' lang='grc' dir='ltr'><em>ΖΕ,</em></span> <span class='ocrx_word' id='word_1_162' title='bbox 277 2436 345 2497; x_wconf 90' lang='grc' dir='ltr'><em>ΕΚ</em></span> <span class='ocrx_word' id='word_1_163' title='bbox 363 2427 428 2514; x_wconf 85' lang='grc' dir='ltr'><em>άρα</em></span> <span class='ocrx_word' id='word_1_164' title='bbox 451 2431 551 2517; x_wconf 83' lang='grc' dir='ltr'><em>ῥηταί</em></span> <span class='ocrx_word' id='word_1_165' title='bbox 567 2434 631 2497; x_wconf 84' lang='grc' dir='ltr'><strong><em>εἰσι</em></strong></span> <span class='ocrx_word' id='word_1_166' title='bbox 655 2429 797 2516; x_wconf 79' lang='grc' dir='ltr'><em>δυνάμει</em></span> <span class='ocrx_word' id='word_1_167' title='bbox 820 2429 927 2517; x_wconf 90' lang='grc' dir='ltr'><em>μόνον</em></span> <span class='ocrx_word' id='word_1_168' title='bbox 952 2432 1148 2524; x_wconf 87' lang='grc' dir='ltr'><strong><em>σύμμετροι·</em></strong></span> 
     </span>
     <span class='ocr_line' id='line_1_22' title="bbox 131 2533 1148 2622; baseline 0.007 -20"><span class='ocrx_word' id='word_1_169' title='bbox 131 2536 234 2622; x_wconf 88' lang='grc' dir='ltr'><strong><em>μέσον</em></strong></span> <span class='ocrx_word' id='word_1_170' title='bbox 258 2533 322 2620; x_wconf 83' lang='grc' dir='ltr'><em>άρα</em></span> <span class='ocrx_word' id='word_1_171' title='bbox 345 2534 414 2602; x_wconf 81' lang='grc' dir='ltr'><strong><em>ἐστὶ</em></strong></span> <span class='ocrx_word' id='word_1_172' title='bbox 437 2534 474 2603; x_wconf 92' lang='grc' dir='ltr'><em>τὸ</em></span> <span class='ocrx_word' id='word_1_173' title='bbox 500 2542 580 2621; x_wconf 86' lang='grc' dir='ltr'><em>ΕΛ,</em></span> <span class='ocrx_word' id='word_1_174' title='bbox 604 2538 753 2603; x_wconf 89' lang='grc' dir='ltr'><strong><em>τουτέστι</em></strong></span> <span class='ocrx_word' id='word_1_175' title='bbox 775 2534 814 2604; x_wconf 86' lang='grc' dir='ltr'><em>τὸ</em></span> <span class='ocrx_word' id='word_1_176' title='bbox 838 2543 912 2622; x_wconf 87' lang='grc' dir='ltr'><em>ΜΡ,</em></span> <span class='ocrx_word' id='word_1_177' title='bbox 934 2541 1086 2608; x_wconf 84' lang='grc' dir='ltr'><strong><em>τουτέστι</em></strong></span> <span class='ocrx_word' id='word_1_178' title='bbox 1108 2541 1148 2610; x_wconf 83' lang='grc' dir='ltr'><em>τὸ</em></span> 
     </span>
     <span class='ocr_line' id='line_1_23' title="bbox 130 2638 1146 2734; baseline 0.006 -26"><span class='ocrx_word' id='word_1_179' title='bbox 130 2638 198 2708; x_wconf 81' lang='grc' dir='ltr'><em>ὑπὸ</em></span> <span class='ocrx_word' id='word_1_180' title='bbox 220 2651 286 2708; x_wconf 84' lang='grc' dir='ltr'><em>τῶν</em></span> <span class='ocrx_word' id='word_1_181' title='bbox 311 2644 429 2718; x_wconf 76' lang='grc' dir='ltr'><strong>ΜΝΞ.</strong></span> <span class='ocrx_word' id='word_1_182' title='bbox 470 2642 526 2708; x_wconf 82' lang='grc' dir='ltr'><em>καὶ</em></span> <span class='ocrx_word' id='word_1_183' title='bbox 549 2642 619 2710; x_wconf 82' lang='grc' dir='ltr'><strong><em>έτιεὶ</em></strong></span> <span class='ocrx_word' id='word_1_184' title='bbox 642 2640 851 2729; x_wconf 82' lang='grc' dir='ltr'><em>ἀσύμμετρος</em></span> <span class='ocrx_word' id='word_1_185' title='bbox 873 2642 893 2729; x_wconf 83' lang='grc' dir='ltr'><em>ἡ</em></span> <span class='ocrx_word' id='word_1_186' title='bbox 918 2650 987 2710; x_wconf 91' lang='grc' dir='ltr'><em>ΑΕ</em></span> <span class='ocrx_word' id='word_1_187' title='bbox 1008 2649 1048 2734; x_wconf 72' lang='grc' dir='ltr'><em>τῇ</em></span> <span class='ocrx_word' id='word_1_188' title='bbox 1073 2653 1146 2733; x_wconf 92' lang='grc' dir='ltr'><em>ΕΖ,</em></span> 
     </span>
     <span class='ocr_line' id='line_1_24' title="bbox 131 2744 1147 2841; baseline 0.008 -27"><span class='ocrx_word' id='word_1_189' title='bbox 131 2748 187 2814; x_wconf 82' lang='grc' dir='ltr'><em>καὶ</em></span> <span class='ocrx_word' id='word_1_190' title='bbox 214 2744 251 2814; x_wconf 85' lang='grc' dir='ltr'><em>τὸ</em></span> <span class='ocrx_word' id='word_1_191' title='bbox 276 2753 347 2813; x_wconf 87' lang='lat' dir='ltr'><em>AK</em></span> <span class='ocrx_word' id='word_1_192' title='bbox 367 2751 412 2839; x_wconf 78' lang='grc' dir='ltr'><em>τῷ</em></span> <span class='ocrx_word' id='word_1_193' title='bbox 438 2755 504 2815; x_wconf 89' lang='grc' dir='ltr'><em>ΕΛ</em></span> <span class='ocrx_word' id='word_1_194' title='bbox 526 2746 739 2835; x_wconf 83' lang='grc' dir='ltr'><strong><em>ἀσύμμετρόν</em></strong></span> <span class='ocrx_word' id='word_1_195' title='bbox 768 2750 866 2817; x_wconf 77' lang='grc' dir='ltr'><strong><em>ἐστιν.</em></strong></span> <span class='ocrx_word' id='word_1_196' title='bbox 911 2745 995 2818; x_wconf 78' lang='grc' dir='ltr'><strong><em>ἀλλὰ</em></strong></span> <span class='ocrx_word' id='word_1_197' title='bbox 1022 2750 1060 2821; x_wconf 85' lang='grc' dir='ltr'><em>τὸ</em></span> <span class='ocrx_word' id='word_1_198' title='bbox 1085 2753 1147 2841; x_wconf 70' lang='grc' dir='ltr'><em>μὲν</em></span> 
     </span>
    </p>
   </div>
   <div class='ocr_carea' id='block_1_4' title="bbox 128 2885 1146 3596">
    <p class='ocr_par' dir='ltr' id='par_1_11' title="bbox 128 2885 1146 3596">
     <span class='ocr_line' id='line_1_25' title="bbox 203 2885 1145 2961; baseline 0.007 -18"><span class='ocrx_word' id='word_1_199' title='bbox 203 2895 226 2943; x_wconf 92' lang='grc'><strong>1.</strong></span> <span class='ocrx_word' id='word_1_200' title='bbox 247 2885 322 2943; x_wconf 85' lang='grc' dir='ltr'><strong><em>έτιίν</em></strong></span> <span class='ocrx_word' id='word_1_201' title='bbox 341 2888 399 2945; x_wconf 90' lang='grc' dir='ltr'><strong>ΡΒ.</strong></span> <span class='ocrx_word' id='word_1_202' title='bbox 456 2897 479 2945; x_wconf 86' lang='grc'><strong>6.</strong></span> <span class='ocrx_word' id='word_1_203' title='bbox 499 2886 531 2961; x_wconf 80' lang='grc' dir='ltr'><em>ἡ]</em></span> <span class='ocrx_word' id='word_1_204' title='bbox 551 2890 650 2960; x_wconf 75' lang='lat' dir='ltr'><strong>postea</strong></span> <span class='ocrx_word' id='word_1_205' title='bbox 668 2889 719 2946; x_wconf 80' lang='lat' dir='ltr'><strong>ins.</strong></span> <span class='ocrx_word' id='word_1_206' title='bbox 738 2889 766 2943; x_wconf 81' lang='lat' dir='ltr'><em>F.</em></span> <span class='ocrx_word' id='word_1_207' title='bbox 828 2887 914 2961; x_wconf 84' lang='grc' dir='ltr'><em>μέσας</em></span> <span class='ocrx_word' id='word_1_208' title='bbox 932 2890 963 2959; x_wconf 92' lang='grc' dir='ltr'><em>Ρ,</em></span> <span class='ocrx_word' id='word_1_209' title='bbox 982 2901 1145 2951; x_wconf 85' lang='lat' dir='ltr'><strong>corr.m.1.</strong></span> 
     </span>
     <span class='ocr_line' id='line_1_26' title="bbox 167 2955 1146 3093; baseline 0.001 -77"><span class='ocrx_word' id='word_1_210' title='bbox 167 2968 191 3016; x_wconf 76' lang='lat'><em>7.</em></span> <span class='ocrx_word' id='word_1_211' title='bbox 211 2958 307 3086; x_wconf 58' lang='grc' dir='ltr'><em>ᾇηιῇςχ</em></span> <span class='ocrx_word' id='word_1_212' title='bbox 327 2977 380 3016; x_wconf 90' lang='lat' dir='ltr'><em>om.</em></span> <span class='ocrx_word' id='word_1_213' title='bbox 400 2962 430 3016; x_wconf 82' lang='lat' dir='ltr'><em>F.</em></span> <span class='ocrx_word' id='word_1_214' title='bbox 505 2967 546 3019; x_wconf 88' lang='grc'><strong>10.</strong></span> <span class='ocrx_word' id='word_1_215' title='bbox 565 2955 583 3030; x_wconf 81' lang='grc' dir='ltr'><strong><em>ἡ</em></strong></span> <span class='ocrx_word' id='word_1_216' title='bbox 603 2990 638 3001; x_wconf 97' lang='grc'>-</span> <span class='ocrx_word' id='word_1_217' title='bbox 666 2958 823 3032; x_wconf 79' lang='grc' dir='ltr'><em>δυναμένη]</em></span> <span class='ocrx_word' id='word_1_218' title='bbox 846 2979 903 3031; x_wconf 80' lang='lat' dir='ltr'><em>mg.</em></span> <span class='ocrx_word' id='word_1_219' title='bbox 922 2980 958 3017; x_wconf 92' lang='lat' dir='ltr'><em>m.</em></span> <span class='ocrx_word' id='word_1_220' title='bbox 975 2968 989 3016; x_wconf 92' lang='lat'>1</span> <span class='ocrx_word' id='word_1_221' title='bbox 1009 2963 1040 3017; x_wconf 88' lang='lat' dir='ltr'><em>P.</em></span> <span class='ocrx_word' id='word_1_222' title='bbox 1115 2962 1146 3093; x_wconf 55' lang='grc' dir='ltr'><em>ἡχ</em></span> 
     </span>
     <span class='ocr_line' id='line_1_27' title="bbox 131 3027 1127 3105; baseline 0.006 -20"><span class='ocrx_word' id='word_1_223' title='bbox 131 3033 201 3101; x_wconf 75' lang='lat' dir='ltr'>(alt.)</span> <span class='ocrx_word' id='word_1_224' title='bbox 220 3036 289 3101; x_wconf 73' lang='grc' dir='ltr'><em>αλοη</em></span> <span class='ocrx_word' id='word_1_225' title='bbox 309 3053 322 3095; x_wconf 86' lang='grc' dir='ltr'><em>ς</em></span> <span class='ocrx_word' id='word_1_226' title='bbox 341 3028 416 3087; x_wconf 85' lang='grc' dir='ltr'><strong><em>έστιν</em></strong></span> <span class='ocrx_word' id='word_1_227' title='bbox 430 3027 448 3102; x_wconf 81' lang='grc' dir='ltr'>ἡ</span> <span class='ocrx_word' id='word_1_228' title='bbox 463 3030 624 3102; x_wconf 75' lang='grc' dir='ltr'><em>καλουμένη</em></span> <span class='ocrx_word' id='word_1_229' title='bbox 644 3031 701 3096; x_wconf 85' lang='lat' dir='ltr'><em>Vb,</em></span> <span class='ocrx_word' id='word_1_230' title='bbox 721 3047 819 3087; x_wconf 80' lang='lat' dir='ltr'>ecorr.</span> <span class='ocrx_word' id='word_1_231' title='bbox 834 3032 864 3086; x_wconf 75' lang='lat' dir='ltr'><em>F.</em></span> <span class='ocrx_word' id='word_1_232' title='bbox 921 3039 962 3087; x_wconf 90' lang='lat'><em>11.</em></span> <span class='ocrx_word' id='word_1_233' title='bbox 982 3028 1072 3105; x_wconf 71' lang='grc' dir='ltr'><strong><em>ἐστίν]</em></strong></span> <span class='ocrx_word' id='word_1_234' title='bbox 1092 3035 1127 3092; x_wconf 83' lang='lat' dir='ltr'><em>de</em></span> 
     </span>
     <span class='ocr_line' id='line_1_28' title="bbox 130 3099 1145 3228; baseline 0.003 -71"><span class='ocrx_word' id='word_1_235' title='bbox 130 3104 161 3170; x_wconf 81' lang='lat' dir='ltr'><em>F,</em></span> <span class='ocrx_word' id='word_1_236' title='bbox 180 3118 234 3157; x_wconf 87' lang='lat' dir='ltr'><em>om.</em></span> <span class='ocrx_word' id='word_1_237' title='bbox 254 3102 310 3158; x_wconf 91' lang='lat' dir='ltr'><em>Vb.</em></span> <span class='ocrx_word' id='word_1_238' title='bbox 384 3110 426 3158; x_wconf 78' lang='lat'><em>12.</em></span> <span class='ocrx_word' id='word_1_239' title='bbox 446 3099 669 3158; x_wconf 79' lang='grc' dir='ltr'><em>κατασκευάσθω</em></span> <span class='ocrx_word' id='word_1_240' title='bbox 688 3103 722 3159; x_wconf 93' lang='lat' dir='ltr'><em>V.</em></span> <span class='ocrx_word' id='word_1_241' title='bbox 791 3099 931 3228; x_wconf 59' lang='grc' dir='ltr'><em>χάρχοωι.</em></span> <span class='ocrx_word' id='word_1_242' title='bbox 950 3104 981 3159; x_wconf 93' lang='grc' dir='ltr'><em>Ρ.</em></span> <span class='ocrx_word' id='word_1_243' title='bbox 1051 3112 1095 3161; x_wconf 86' lang='grc'><strong>13.</strong></span> <span class='ocrx_word' id='word_1_244' title='bbox 1114 3103 1145 3178; x_wconf 79' lang='grc' dir='ltr'><em>ἡ]</em></span> 
     </span>
     <span class='ocr_line' id='line_1_29' title="bbox 131 3171 1145 3245; baseline 0.006 -18"><span class='ocrx_word' id='word_1_245' title='bbox 131 3171 262 3227; x_wconf 82' lang='lat' dir='ltr'><strong>om.PF.</strong></span> <span class='ocrx_word' id='word_1_246' title='bbox 318 3179 359 3228; x_wconf 82' lang='lat'><em>15.</em></span> <span class='ocrx_word' id='word_1_247' title='bbox 379 3175 444 3245; x_wconf 85' lang='lat' dir='ltr'><em>EA]</em></span> <span class='ocrx_word' id='word_1_248' title='bbox 464 3175 620 3229; x_wconf 82' lang='lat' dir='ltr'><strong>AEFVb.</strong></span> <span class='ocrx_word' id='word_1_249' title='bbox 676 3173 813 3245; x_wconf 84' lang='lat' dir='ltr'><em>EA]AE</em></span> <span class='ocrx_word' id='word_1_250' title='bbox 867 3175 1049 3243; x_wconf 78' lang='lat' dir='ltr'><strong>‚inras.V.</strong></span> <span class='ocrx_word' id='word_1_251' title='bbox 1103 3184 1145 3234; x_wconf 84' lang='grc'><strong>16.</strong></span> 
     </span>
     <span class='ocr_line' id='line_1_30' title="bbox 131 3240 1143 3320; baseline 0.005 -23"><span class='ocrx_word' id='word_1_252' title='bbox 131 3240 201 3297; x_wconf 77' lang='grc' dir='ltr'><strong><em>εἰσιν</em></strong></span> <span class='ocrx_word' id='word_1_253' title='bbox 219 3240 252 3295; x_wconf 91' lang='lat' dir='ltr'><em>B.</em></span> <span class='ocrx_word' id='word_1_254' title='bbox 330 3249 371 3298; x_wconf 83' lang='grc'><strong>17.</strong></span> <span class='ocrx_word' id='word_1_255' title='bbox 391 3240 467 3300; x_wconf 75' lang='grc' dir='ltr'><strong><em>ἐστίν</em></strong></span> <span class='ocrx_word' id='word_1_256' title='bbox 485 3244 516 3300; x_wconf 94' lang='grc' dir='ltr'><strong>Ρ.</strong></span> <span class='ocrx_word' id='word_1_257' title='bbox 588 3240 664 3298; x_wconf 65' lang='grc' dir='ltr'><em>’άπὸ</em></span> <span class='ocrx_word' id='word_1_258' title='bbox 684 3240 801 3299; x_wconf 83' lang='grc' dir='ltr'><strong><em>τῶν’έκ</em></strong></span> <span class='ocrx_word' id='word_1_259' title='bbox 820 3244 924 3301; x_wconf 76' lang='grc' dir='ltr'><em>τῶνΕ.</em></span> <span class='ocrx_word' id='word_1_260' title='bbox 1004 3250 1046 3302; x_wconf 86' lang='grc'><strong>18.</strong></span> <span class='ocrx_word' id='word_1_261' title='bbox 1066 3248 1143 3320; x_wconf 71' lang='grc' dir='ltr'><em>ΝΞ]</em></span> 
     </span>
     <span class='ocr_line' id='line_1_31' title="bbox 128 3311 1144 3387; baseline 0.008 -22"><span class='ocrx_word' id='word_1_262' title='bbox 128 3314 197 3366; x_wconf 83' lang='lat' dir='ltr'><strong>mut.</strong></span> <span class='ocrx_word' id='word_1_263' title='bbox 212 3311 241 3365; x_wconf 90' lang='lat' dir='ltr'><em>in</em></span> <span class='ocrx_word' id='word_1_264' title='bbox 251 3312 315 3370; x_wconf 69' lang='grc' dir='ltr'><em>ΞΝ</em></span> <span class='ocrx_word' id='word_1_265' title='bbox 325 3312 358 3367; x_wconf 89' lang='lat' dir='ltr'><em>V.</em></span> <span class='ocrx_word' id='word_1_266' title='bbox 416 3320 456 3370; x_wconf 85' lang='grc'><strong>19.</strong></span> <span class='ocrx_word' id='word_1_267' title='bbox 471 3314 597 3370; x_wconf 78' lang='lat' dir='ltr'><strong>PostAB</strong></span> <span class='ocrx_word' id='word_1_268' title='bbox 608 3316 672 3371; x_wconf 78' lang='lat' dir='ltr'><strong>add.</strong></span> <span class='ocrx_word' id='word_1_269' title='bbox 683 3313 851 3387; x_wconf 79' lang='grc' dir='ltr'><strong><em>ιουιέστιτῇ</em></strong></span> <span class='ocrx_word' id='word_1_270' title='bbox 866 3319 924 3370; x_wconf 83' lang='grc' dir='ltr'><em>ΕΚ</em></span> <span class='ocrx_word' id='word_1_271' title='bbox 937 3317 969 3370; x_wconf 91' lang='lat' dir='ltr'><em>V.</em></span> <span class='ocrx_word' id='word_1_272' title='bbox 1022 3313 1099 3373; x_wconf 75' lang='grc' dir='ltr'><strong><em>ἐστίν</em></strong></span> <span class='ocrx_word' id='word_1_273' title='bbox 1112 3318 1144 3373; x_wconf 90' lang='grc' dir='ltr'><strong>Β.</strong></span> 
     </span>
     <span class='ocr_line' id='line_1_32' title="bbox 165 3382 1130 3456; baseline 0.007 -19"><span class='ocrx_word' id='word_1_274' title='bbox 165 3383 235 3454; x_wconf 82' lang='grc' dir='ltr'><strong><em>ιιι]</em></strong></span> <span class='ocrx_word' id='word_1_275' title='bbox 256 3385 307 3437; x_wconf 83' lang='grc' dir='ltr'><em>ιιι</em></span> <span class='ocrx_word' id='word_1_276' title='bbox 325 3384 355 3439; x_wconf 87' lang='lat' dir='ltr'><em>P.</em></span> <span class='ocrx_word' id='word_1_277' title='bbox 428 3382 754 3456; x_wconf 58' lang='grc' dir='ltr'><em>νοτηιαιαιωνι.</em></span> <span class='ocrx_word' id='word_1_278' title='bbox 819 3385 891 3442; x_wconf 61' lang='lat' dir='ltr'><em>eim</em></span> <span class='ocrx_word' id='word_1_279' title='bbox 908 3387 938 3440; x_wconf 86' lang='lat' dir='ltr'><em>P.</em></span> <span class='ocrx_word' id='word_1_280' title='bbox 1003 3392 1046 3445; x_wconf 82' lang='lat'><em>21.</em></span> <span class='ocrx_word' id='word_1_281' title='bbox 1065 3393 1130 3444; x_wconf 84' lang='lat' dir='ltr'><em>MP</em></span> 
     </span>
     <span class='ocr_line' id='line_1_33' title="bbox 128 3454 1143 3529; baseline 0.007 -21"><span class='ocrx_word' id='word_1_282' title='bbox 128 3470 198 3508; x_wconf 81' lang='lat' dir='ltr'><strong>corr.</strong></span> <span class='ocrx_word' id='word_1_283' title='bbox 213 3471 247 3508; x_wconf 79' lang='lat' dir='ltr'><em>ex</em></span> <span class='ocrx_word' id='word_1_284' title='bbox 266 3457 328 3508; x_wconf 85' lang='grc' dir='ltr'><em>ΜΕ</em></span> <span class='ocrx_word' id='word_1_285' title='bbox 346 3472 382 3511; x_wconf 90' lang='lat' dir='ltr'><em>m.</em></span> <span class='ocrx_word' id='word_1_286' title='bbox 401 3470 456 3510; x_wconf 80' lang='lat' dir='ltr'><strong>ree.</strong></span> <span class='ocrx_word' id='word_1_287' title='bbox 476 3455 501 3510; x_wconf 89' lang='lat' dir='ltr'><em>b.</em></span> <span class='ocrx_word' id='word_1_288' title='bbox 575 3456 717 3512; x_wconf 79' lang='grc' dir='ltr'><strong><em>τουτέστιν</em></strong></span> <span class='ocrx_word' id='word_1_289' title='bbox 737 3459 765 3512; x_wconf 94' lang='grc' dir='ltr'><em>Ρ.</em></span> <span class='ocrx_word' id='word_1_290' title='bbox 839 3463 882 3513; x_wconf 78' lang='lat'><em>22.</em></span> <span class='ocrx_word' id='word_1_291' title='bbox 902 3454 933 3529; x_wconf 82' lang='grc' dir='ltr'><em>ἡ]</em></span> <span class='ocrx_word' id='word_1_292' title='bbox 954 3454 1143 3529; x_wconf 80' lang='grc' dir='ltr'><em>έστινὴΕ.</em></span> 
     </span>
     <span class='ocr_line' id='line_1_34' title="bbox 164 3521 448 3596; baseline 0.007 -15"><span class='ocrx_word' id='word_1_293' title='bbox 164 3531 206 3581; x_wconf 78' lang='lat'><em>23.</em></span> <span class='ocrx_word' id='word_1_294' title='bbox 226 3521 401 3596; x_wconf 74' lang='grc' dir='ltr'><em>ἀσύμμετρος</em></span> <span class='ocrx_word' id='word_1_295' title='bbox 419 3525 448 3583; x_wconf 87' lang='lat' dir='ltr'><em>F.</em></span> 
     </span>
    </p>
   </div>
   <div class='ocr_carea' id='block_1_5' title="bbox 0 0 1242 3908">
    <p class='ocr_par' dir='ltr' id='par_1_12' title="bbox 0 0 1242 3908">
     <span class='ocr_line' id='line_1_35' title="bbox 0 0 1242 3908; baseline 0 4"><span class='ocrx_word' id='word_1_296' title='bbox 0 0 1242 3908; x_wconf 95' lang='lat' dir='ltr'><em> </em></span> 
     </span>
    </p>
   </div>
  </div>
 </body>
</html>
