2474 3908
137 195 180 261 52
521 196 723 249 ΣΤΟΙΧΕΙΩΝ
742 191 769 249 ι’.

135 343 243 426 μήκει·
266 337 286 425 ἡ
310 344 375 407 ΒΓ
394 335 460 424 άρα
483 341 542 424 τῆς
560 347 592 405 Α
614 343 726 423 μεῖζον
750 337 892 404 δύναται
911 339 956 428 τῷ
981 330 1047 401 άπὸ
1072 352 1153 420 συμ-

135 446 257 532 μέτρου
281 445 391 534 ἑαυτῇ.

199 548 297 616 Ἀλλά
327 548 368 635 δὴ
397 546 417 635 ή
443 556 509 616 ΒΓ
532 552 591 635 τής
618 557 649 616 Α
677 553 789 634 μεῖζον
817 544 981 615 δυνάσθω
1008 549 1054 638 τῷ
1085 543 1152 613 άπὸ

136 657 328 743 συμμέτρου
352 655 463 743 ἑαυτῇ,
486 664 531 745 τῷ
557 654 594 722 δὲ
613 653 756 743 τετάρτῳ
779 657 841 720 τοῦ
864 651 929 721 άπὸ
948 656 1007 740 τῆς
1026 661 1057 719 Α
1076 660 1155 720 ἴσον

102 789 118 838 5
136 760 226 850 παρά
240 760 301 847 τήν
317 768 382 829 ΒΓ
392 760 662 846 παραβεβλήσθω
681 762 833 827 ἐλλεῖπον
848 764 931 827 εἴδει
943 758 1155 850 τετραμήνῳ,

134 869 191 937 καὶ
219 872 303 935 ἐστω
331 867 369 934 τὸ
396 864 462 934 ὑπὸ
487 870 556 934 τῶν
579 872 658 950 ΒΛ,
679 871 753 934 ΔΓ.
799 865 965 951 δεικτέον,
994 864 1046 934 ὅτι
1074 868 1154 952 σάμ-

136 973 254 1062 μετρός
279 976 368 1041 ε’στιν
391 970 412 1060 ἡ
431 980 500 1040 BA
522 976 562 1060 τῇ
584 979 653 1039 ΔΓ
672 971 776 1059 μήκει.

208 1084 283 1147 Τῶν
296 1077 360 1166 γάρ
376 1077 488 1147 αὐτῶν
502 1079 845 1147 κατασκευασθέντων
856 1076 980 1168 δμοίως
990 1079 1155 1164 δείξομεν,

137 1186 188 1256 ὅτι
216 1185 236 1273 ἡ
267 1193 332 1253 ΒΓ
356 1189 414 1273 τῆς
441 1197 473 1252 Α
502 1192 614 1272 μεῖζον
647 1185 788 1253 δύναται
817 1188 863 1277 τῷ
894 1182 960 1252 άπὸ
990 1188 1049 1270 τῆς
1079 1191 1157 1252 ZA.

86 1321 119 1368 10
139 1296 279 1362 δύναται
309 1292 347 1360 δὲ
376 1293 397 1378 ἡ
426 1298 492 1359 ΒΓ
517 1296 576 1378 τής
599 1300 638 1359 Α.
654 1297 766 1378 μεῖζον
796 1295 840 1383 τῷ
870 1289 935 1359 άπὸ
964 1291 1157 1378 συμμέτρου

138 1401 249 1486 ἑαυτῇ.
300 1397 487 1484 σύμμετρος
516 1396 583 1484 άρα
613 1398 703 1465 ἐστὶν
734 1395 756 1484 ἡ
787 1405 853 1466 ΒΓ
875 1402 915 1488 τῇ
948 1405 1017 1464 ZA
1046 1395 1157 1482 μήκει·

139 1503 302 1573 ὥστεκαὶ
326 1513 424 1593 λοιπή
450 1505 691 1593 συναμφοτέρῳ
718 1508 758 1592 τή
783 1510 855 1590 ΒΖ,
880 1510 950 1573 ΔΓ
969 1502 1160 1591 σύμμετρός

139 1614 229 1679 ἐστιν
258 1608 278 1697 ἡ
308 1616 375 1679 ΒΓ
398 1609 503 1698 μήκει.
550 1608 634 1678 άλλά
664 1610 918 1697 συναμφότερος
944 1607 965 1696 ἡ
992 1618 1065 1696 ΒΖ,
1090 1615 1164 1678 ΔΓ

139 1716 327 1805 σύμμετρός
345 1719 413 1785 ἐστι
431 1720 471 1806 τῇ
489 1723 560 1783 ΔΓ
575 1718 708 1803 [μήκει].
741 1716 899 1784 ὥστεκαὶ
917 1712 938 1802 ή
954 1723 1021 1784 ΒΓ
1035 1722 1074 1804 τῇ
1094 1723 1159 1784 ΓΛ

89 1850 121 1899 15
140 1821 328 1911 σύμμετρός
351 1826 420 1890 ἐστι
443 1821 552 1909 μήκει·
576 1824 633 1891 καὶ
653 1820 798 1890 διελόντι
817 1819 883 1905 άρα
902 1819 922 1909 ἡ
942 1828 1014 1889 BA
1030 1825 1070 1909 τῇ
1091 1829 1164 1890 ΔΓ

140 1934 209 1999 ἐστι
233 1929 418 2017 σύμμετρος
441 1927 546 2015 μήκει.
1074 1946 1077 1951 ’

204 2036 283 2105 Ἐαν
307 2035 373 2124 άρα
397 2029 460 2104 ὦσι
484 2037 546 2103 δύο
571 2032 704 2102 εὐθεῖαι
727 2032 850 2119 άνισοι,
873 2034 928 2102 καὶ
951 2032 992 2101 τά
1017 2035 1099 2120 ἑξής.

623 2274 674 2333 ιη.

205 2371 293 2441 Ἐάν
317 2365 388 2441 οἷσι
410 2370 482 2440 δύο
502 2369 663 2440 εὐθεῖαι
683 2369 837 2457 άνισοι,
856 2375 905 2463 τῷ
927 2369 969 2439 δὲ
986 2370 1160 2462 τετάρτῳ

88 2505 122 2554 20
141 2480 250 2566 μέρει
281 2483 351 2546 τοῦ
384 2473 459 2546 άπὸ
488 2479 557 2565 τῆς
586 2477 804 2559 ἐλάσσονος
835 2458 925 2545 λ’σάν
955 2475 1058 2563 παρά
1088 2475 1161 2563 τήν

142 2590 302 2673 μείζονα
325 2589 563 2674 παραβληθῇ
584 2588 768 2653 ἐλλεῖπον
787 2588 888 2653 εἴδει
910 2582 1159 2674 τετραγώνῳ,

141 2684 798 2779 καλεέςάσύμμετρααάτὴνδιαιρῇ
815 2687 1162 2780 [μήκει],ήμείζων

141 2801 208 2885 τῆς
231 2797 450 2879 ἐλάσσονος
474 2804 607 2883 μεῖζον
629 2796 845 2882 δυνήσεται
869 2800 918 2889 τῷ
941 2794 1015 2863 άπὸ
1038 2793 1162 2882 άσυμ-

215 3054 239 3102 2.
265 3046 333 3102 Post
356 3041 444 3117 ἑαυτῇ
469 3045 533 3100 add.
553 3041 638 3115 μήκει
655 3045 689 3100 V.
762 3050 789 3098 4.
815 3044 878 3115 τοῦ]
903 3043 934 3098 in
955 3061 1009 3100 ras,
1027 3042 1062 3097 V.
1137 3049 1163 3098 8.

144 3113 247 3187 ὁμοίως
262 3113 297 3186 δή
317 3118 351 3172 V.
424 3116 569 3187 δείξομεν]
589 3118 646 3170 δει-
666 3131 736 3170 corr.
757 3132 790 3170 ex
809 3117 856 3184 δή·
875 3115 905 3169 F.
978 3120 1002 3169 9.
1022 3113 1092 3170 Post
1111 3119 1165 3168 ΖΔ

143 3189 198 3244 del.
218 3205 254 3242 m.
274 3194 303 3242 2:
325 3182 397 3243 οάτω
416 3184 472 3256 γάρ
490 3183 643 3242 ὑπόκειται
661 3187 694 3243 V.
752 3191 793 3243 10.
813 3189 909 3255 μεῖζον
927 3190 978 3254 τῆς
997 3191 1018 3239 Α
1037 3184 1067 3238 P.
1122 3191 1164 3243 11.

145 3254 247 3327 ἕαυτής
265 3259 294 3314 P.
369 3264 410 3313 12.
431 3258 497 3328 καί]
517 3276 554 3312 m.
574 3264 590 3311 2
610 3258 639 3311 F.
713 3274 785 3311 συνα
830 3255 984 3380 οτέρῳμ
1004 3273 1019 3311 θ
1038 3273 1108 3311 corr.
1128 3255 1164 3311 V.

179 3330 225 3401 τῇ]
241 3346 310 3384 corr.
321 3329 402 3402 exvq3
414 3329 444 3383 F.
498 3333 539 3384 14.
554 3329 588 3400 τῇ
605 3323 831 3399 ΔΓσάμμετρος
846 3323 903 3382 ἐστι
944 3328 1017 3381 heon
1032 3327 1163 3394 (BFVb3

143 3402 177 3471 τῇ
197 3405 223 3454 A
231 3405 257 3454 Γ
272 3402 372 3470 postea
390 3400 443 3453 ins,
462 3399 504 3466 F).
556 3396 657 3470 μήκει]
678 3415 732 3454 om.
751 3397 780 3454 P.
810 3397 883 3452 Dein
901 3398 966 3453 add.
986 3398 1097 3453 Theon:
1117 3400 1164 3466 ἴση

145 3467 198 3542 γάρ
218 3466 293 3526 ἐστιν
313 3466 331 3559 ᾖ
351 3474 400 3524 ΒΖ
418 3470 452 3539 τῇ
473 3475 498 3524 A
507 3473 533 3524 Γ
550 3468 678 3539 (ΒΓῊες
697 3469 729 3541 τῇ
746 3485 815 3524 cort.
830 3469 860 3522 in
874 3471 924 3537 τῆς
937 3474 1002 3524 m.2
1018 3469 1048 3533 F,
1067 3473 1117 3536 τῆς
1132 3471 1165 3536 b;

147 3549 200 3598 ΓΔ
210 3544 252 3613 Γ).
304 3542 389 3612 ωστε]
405 3558 458 3596 om.
470 3541 568 3595 Theon
583 3539 717 3612 (BFVb).
773 3543 828 3594 ΒΓ
843 3535 902 3610 ἄρα
917 3540 1015 3596 Theon
1026 3539 1164 3609 (BFVb).
