2474 3908
129 200 151 262 4
332 245 334 250 .
511 201 714 252 ΣΤΟΙΧΕΙΩΝ
733 195 759 251 ί.

127 340 211 410 αὐτὰ
231 340 386 428 ἀλογοι,
411 345 441 408 εί
459 341 520 428 μὲν
540 339 730 426 τετράγωνα
750 347 813 426 εἴη,
832 336 930 406 αὐταὶ
945 342 982 405 αλ
994 346 1144 427 πλευραί,

128 452 159 516 εί
178 449 215 516 δέ
239 448 333 534 ἕτερά
348 475 423 516 τινα
438 446 672 535 εὐθύγραμμα,
692 450 729 514 αλ
747 455 801 514 ίσα
821 443 936 527 αὐτοῖς
951 446 1145 534 Ιτετράγωνα

128 552 398 642 ἀναγράφουσαι.

617 694 657 764 α’.

92 845 108 893 5
196 820 280 888 Λάο
304 819 484 907 μεγεθῶν
508 818 660 887 ἀνίσων
689 821 946 906 ἐκκειμένων,
975 817 1043 887 ἐὰν
1071 818 1144 888 ἀπὸ

125 929 196 994 τοῦ
221 931 403 1013 μείζονος
426 925 629 1015 ἀφαιρεθῇ
655 931 789 1012 μεῖζον
817 922 838 1013 ἢ
861 924 903 994 τὸ
932 924 1054 1013 ἥμισυ
1080 927 1146 994 καὶ

126 1036 197 1100 τοί
228 1034 574 1120 καταλειπομένου
608 1039 742 1120 μεῖζον
775 1027 796 1120 ἢ
828 1029 872 1100 τὸ
905 1029 1045 1119 ἥμισυ,
1077 1033 1146 1099 καὶ

126 1143 245 1208 τοῦτο
279 1138 344 1207 ἀεὶ
371 1145 573 1226 γίγνηται,
606 1138 875 1225 λειφθήσεταί
899 1164 935 1205 τι
964 1140 1146 1226 μέγεθος,

127 1242 147 1314 δ
173 1251 283 1314 ἔσται
307 1252 480 1314 έλασσον
503 1250 575 1313 τοῦ
598 1247 830 1332 ἐκκειμένου
849 1245 1066 1325 ἐλάσσονος
1085 1272 1146 1332 με·

76 1377 109 1426 10
128 1354 283 1440 γέθους.

183 1457 291 1526 Ἔστω
303 1457 366 1525 δύο
377 1459 502 1545 μεγέθη
518 1458 619 1527 ἀνισα
632 1458 673 1526 τὰ
692 1467 769 1544 ΑΒ,
780 1465 818 1545 Γ,
833 1451 882 1526 οἷν
896 1465 1007 1545 μεῖζον
1018 1457 1054 1525 τὸ
1067 1465 1099 1524 Α
1105 1465 1145 1524 Β·

125 1567 222 1651 λέγω,
242 1565 304 1651 ὅτι,
325 1567 385 1634 έαν
399 1561 539 1634 ἀπὸτοῦ
554 1574 623 1634 ΑΒ
637 1563 809 1655 ἀφαιρεθῇ
830 1572 942 1652 μεῖζον
956 1562 977 1652 ἢ
992 1564 1029 1634 τὸ
1044 1563 1147 1652 ἥμισυ

125 1671 181 1740 καὶ
204 1674 265 1739 τοῦ
288 1674 574 1758 καταλειπομένου
597 1679 709 1759 μεῖζον
732 1669 754 1759 ἢ
777 1672 815 1740 τὸ
839 1670 950 1760 ἥμισυ,
973 1673 1146 1740 καὶτοῦτο

126 1775 179 1845 ἀεὶ
202 1783 368 1864 γίγνηται,
392 1782 614 1866 λειφθήσεταί
628 1806 660 1847 τι
681 1780 834 1866 μέγεθος,
854 1776 872 1847 δ
893 1785 984 1848 ἔσται
1004 1783 1146 1846 ἔλασσον

77 1907 109 1957 15
128 1888 189 1952 τοῦ
214 1889 246 1950 Γ
264 1885 437 1970 μεγέθους.

197 1989 242 2058 Τὸ
265 1996 297 2057 Γ
314 1990 380 2078 γάρ
401 1991 775 2079 πολλαπλασιαζόμενον
794 1994 886 2058 ἔσται
904 1991 984 2059 ποτὲ
1002 1995 1063 2057 τοῦ
1082 1999 1146 2057 AB

128 2104 249 2184 μεῖζον.
278 2098 638 2183 πεπολλαπαλσιάσθω,
659 2099 715 2166 καὶ
734 2103 818 2165 έστω
832 2095 870 2165 τὸ
887 2105 920 2164 Δ
925 2103 956 2162 Ε
968 2101 1030 2164 τοῦ
1045 2095 1106 2184 μέν
1120 2102 1152 2163 Γ

126 2203 393 2290 πολλαπλάσιον,
413 2215 473 2272 τοῦ
488 2204 526 2272 δὲ
540 2213 572 2272 Α
578 2212 606 2272 Β
622 2210 745 2290 μεῖζον,
763 2205 820 2271 καὶ
835 2201 1010 2292 διῃρήσθω
1024 2200 1062 2270 τὸ
1078 2210 1150 2270 ΔΕ

128 2315 175 2390 είς
193 2309 234 2378 τά
254 2314 299 2400 τῷ
314 2316 346 2377 Γ
365 2319 421 2377 ίσα
439 2308 480 2376 τὰ
500 2318 577 2397 ΔΖ,
598 2318 676 2397 ΖΗ,
695 2318 772 2398 ΗΕ,
796 2310 851 2376 καλ
870 2306 1060 2397 ἀφῃρήσθω
1080 2306 1146 2376 ἀπὸ

74 2440 109 2490 20
128 2416 190 2502 μὲν
207 2420 268 2483 τοῦ
293 2423 358 2483 ΑΒ
378 2422 489 2503 μεῖζον
507 2412 529 2503 ἢ
548 2415 586 2485 τὸ
605 2417 710 2503 ἥμισυ
728 2419 765 2484 τὸ
781 2423 855 2502 ΒΘ,
874 2413 939 2484 ἀπὸ
956 2415 993 2482 δὲ
1007 2425 1067 2483 τοῦ
1082 2423 1114 2482 A
1120 2423 1148 2482 (θ

127 2517 284 2609 μείζονί]
307 2521 345 2589 τὸ
377 2521 480 2610 ἥμισυ
503 2521 540 2591 τὸ
566 2531 647 2610 ΘΚ,
674 2524 729 2592 καλ
758 2527 857 2591 τοῦτο
886 2519 938 2590 ἀεὶ
966 2523 1147 2608 γιγνέσθω,

128 2630 190 2708 ἕως
213 2626 258 2697 ἀν
282 2632 319 2696 αί
341 2631 379 2696 έν
401 2633 446 2721 τῷ
476 2638 541 2697 ΑΒ
565 2631 743 2719 διαιρέσεις
767 2633 963 2713 ἰσοπληθεῖς
985 2630 1148 2715 γένωνται

127 2751 199 2817 ταῖς
223 2739 327 2828 ἐντῷ
355 2743 425 2803 ΔΕ
446 2738 659 2826 διαιρέσεσιν.

186 2842 362 2911 Ἔστωσαν
387 2834 450 2911 οὖν
473 2846 510 2910 αλ
531 2851 611 2928 ΑΚ,
631 2849 709 2927 ΚΘ,
730 2849 792 2910 ΘΒ
817 2842 996 2926 διαιρέσεις
1013 2845 1148 2928 ἰσοπλη-

75 2972 110 3022 25
127 2959 203 3029 θείς
223 2941 322 3016 οὖσαι
337 2962 409 3028 ταῖς
422 2957 456 3016 Δ
462 2957 499 3036 Ζ,
519 2955 599 3035 ΖΗ,
617 2955 699 3016 ΗΕ·
725 2949 781 3015 καὶ
801 2948 870 3016 ἐπεὶ
889 2947 1001 3034 μεῖζόν
1022 2949 1090 3015 ἐστι
1108 2948 1147 3015 τὸ

132 3063 199 3122 ΛΕ
220 3059 282 3122 τοῦ
300 3063 332 3122 Α
339 3063 367 3122 Β
374 3107 383 3140 ,
406 3056 462 3122 καὶ
482 3054 653 3144 ἀφῄρηται
673 3052 737 3122 ἀπὸ
758 3053 819 3141 μὲν
838 3057 899 3122 τοῦ
917 3061 988 3121 ΔΕ
1005 3059 1148 3123 ἔλασσον

127 3166 189 3231 τοῦ
208 3161 355 3248 ἡμίσεως
372 3161 409 3230 τὸ
432 3168 514 3248 ΕΗ,
533 3159 599 3230 ἀπὸ
615 3162 653 3230 δὲ
666 3165 728 3230 τοῦ
743 3167 811 3228 AB
830 3167 940 3248 μεῖξον
957 3156 1030 3247 ἢτό
1044 3159 1149 3247 ἥμισυ

203 3347 228 3393 1,
253 3335 342 3409 ἀλογα
362 3340 395 3408 V,
416 3356 484 3394 eorr.
503 3357 539 3392 m.
560 3344 584 3395 2.
623 3339 732 3393 Deinde
752 3339 815 3394 edd.
835 3340 1032 3393 καλείσθωσαν
1051 3338 1149 3394 Theon

129 3412 265 3481 (BFVb).
337 3418 361 3465 2.
391 3413 449 3465 ἴσαι
468 3429 497 3478 φ.
571 3416 595 3465 5.
621 3406 806 3480 ἐκκειμένων]
830 3412 895 3464 ante
914 3405 1020 3463 ἀνίσων
1044 3410 1148 3464 εδδΒ

129 3501 186 3553 mg.
206 3501 242 3536 m.
264 3487 287 3536 l.
351 3489 374 3538 8.
395 3476 454 3551 ἀεί]
474 3477 534 3535 αἰεί
545 3481 575 3548 F,
594 3476 643 3536 ἀεὶ
656 3476 693 3535 ἀν
707 3480 751 3551 V?
815 3482 926 3549 γίνηται
939 3480 966 3534 V
984 3483 1012 3548 (η
1026 3497 1042 3535 e
1057 3484 1149 3552 corn),

62 3556 253 3648 “wem
278 3552 304 3606 b.
396 3549 576 3621 ληφθήσεται
600 3552 652 3608 Vb.
741 3557 766 3607 9.
791 3547 868 3607 ἔστιν
890 3551 987 3606 Theon
1009 3552 1148 3622 (BFVb).
