2474 3908
358 182 632 234 mnuauroauu
649 183 759 234 urana
776 183 809 234 x,
1024 177 1087 243 281

75 329 214 393 tionales
234 329 309 391 sunt
327 325 476 410 potentia
495 328 623 389 tantum
644 323 961 390 commensurabiles.
992 346 1091 408 quare

77 437 153 497 AN
173 435 325 517 apotome
348 435 398 496 est
421 434 526 516 [prop.
542 429 707 512 LXXIII}
749 439 781 496 et
803 430 961 515 quadrata
985 430 1091 514 spatio

76 543 141 603 AB
171 543 221 603 est
250 538 403 622 aequalis.
454 538 565 621 itaque
597 541 687 602 recta
717 537 823 621 spatio
852 541 918 601 AB
947 537 1092 621 aequalis

80 644 239 729 quadrata
263 647 415 729 apotome
439 647 496 709 est.

141 750 232 835 Ergo
261 750 289 814 si
318 750 461 835 spatium
490 749 775 835 comprehenditur
803 752 893 815 recta
924 749 1099 847 rationali,-

80 861 113 922 et
136 878 218 942 quae
242 859 430 940 sequuntur.

535 1047 635 1116 XCII.

146 1174 179 1238 Si
195 1175 338 1259 spatium
352 1179 441 1239 recta
455 1173 610 1238 rationali
629 1177 662 1238 et
682 1177 834 1256 apotome
854 1173 994 1239 secunda
1008 1195 1095 1239 com-

78 1280 302 1367 prehenditur,
336 1283 425 1346 recta
458 1281 564 1365 spatio
598 1280 744 1365 aequalis
777 1280 936 1366 quadrata
969 1280 1094 1344 mediae

79 1389 231 1470 apotome
255 1389 306 1451 est
329 1387 443 1471 prima.

145 1491 294 1578 Spatium
317 1493 405 1557 enirn
424 1497 489 1558 ΑΒ
514 1497 603 1558 recta
625 1494 780 1559 rationali
798 1497 867 1558 ΑΓ
886 1497 919 1558 et
943 1497 1095 1579 apotome

81 1599 221 1664 secunda
234 1602 307 1663 ΑΛ
321 1600 624 1682 comprehendatur.
662 1600 743 1679 dico,
762 1604 884 1665 rectam
904 1600 1010 1684 spatio
1028 1603 1094 1663 AB

79 1707 246 1790 aequalem
271 1705 464 1788 quadratam
487 1706 612 1771 mediae
637 1709 812 1790 apotomen
834 1706 975 1790 primam
998 1728 1078 1771 esse.

144 1833 221 1874 nam
245 1813 322 1873 ΔΗ
346 1813 455 1874 rectae
478 1816 549 1874 ΑΔ
577 1832 757 1896 congruens
782 1810 834 1875 sit.
880 1812 990 1896 itaque
1014 1816 1095 1894 AH,

80 1920 153 1980 HA
176 1915 352 1981 rationales
376 1920 453 1980 sunt
474 1917 623 2000 potentia
639 1921 769 1982 tantum
788 1920 1096 1983 commensurabiles

106 2043 128 2091 Α
286 2042 311 2089 Δ
379 2038 404 2089 Ε
441 2039 461 2088 Ζ
503 2075 532 2125 Η
565 2024 669 2107 [prop.
684 2022 848 2103 LXXIII]‚
868 2027 901 2087 et
915 2044 1097 2107 congruens

91 2107 495 2340 tl]
564 2134 597 2192 Δ
604 2132 643 2192 Η
656 2129 813 2194 rationali
831 2130 1018 2213 propositae
1033 2132 1102 2193 ΑΓ
1158 2168 1163 2177 -

501 2288 530 2339 K
564 2235 864 2301 commensurabilis
880 2239 938 2319 est,
956 2238 1028 2299 tota
1043 2257 1098 2299 au·

284 2325 307 2374 B
382 2323 407 2375 Θ
440 2327 457 2374 1
563 2346 631 2406 tem
667 2347 745 2406 AH
777 2341 936 2427 quadrata
973 2342 1098 2407 excedit

184 2448 213 2500 A
327 2447 354 2500 Ν
398 2441 422 2497 0
564 2452 797 2534 congruentem
828 2452 903 2514 HA
938 2449 1097 2533 quadrato

406 2596 435 2658 Π
562 2560 672 2621 rectae
704 2555 768 2620 sibi
796 2556 1097 2621 commensurabilis

563 2662 766 2748 longitudine
782 2662 868 2743 [deff.
880 2666 953 2727 tert.
964 2663 1009 2742 2].
1032 2662 1098 2726 iam

440 2836 445 2842 ,
565 2770 718 2853 quoniam
742 2766 831 2833 ΑΗ8
858 2769 985 2833 excedit
1007 2765 1098 2831 HAl

458 2898 464 2907 ·
565 2875 721 2959 quadrato
735 2878 842 2940 rectae
857 2875 922 2939 sibi
936 2895 1099 2938 commen-

86 2984 248 3069 surabilis,
258 2985 286 3048 si
296 2980 406 3068 {Har
417 2983 551 3066 aequale
560 2984 668 3045 rectae
678 2984 751 3045 AH
760 2979 943 3064 adplicatur
957 2979 1099 3063 spatium

82 3092 188 3177 figura
217 3090 377 3175 quadrata
407 3088 573 3171 deficiens,
600 3088 635 3151 in
657 3090 766 3170 partes
791 3085 1098 3151 commensurabiles

83 3219 154 3263 earn
178 3196 295 3261 diuidit
320 3197 424 3280 [prop.
447 3191 566 3273 XVH].
612 3194 680 3258 iam
704 3196 779 3256 ΔΗ
805 3193 840 3256 in
862 3196 982 3276 puncto
1006 3197 1038 3256 E
1063 3192 1099 3256 in

83 3303 163 3367 duas
177 3306 286 3386 partes
302 3302 455 3388 aequales
470 3305 605 3366 secetur.
644 3304 677 3364 et
691 3299 849 3383 quadrato
863 3302 936 3364 ΕΗ
938 3297 950 3335 ²
965 3300 1100 3384 aequale

85 3460 123 3532 τῷ
142 3459 169 3513 b.
242 3465 285 3514 20.
305 3459 378 3530 ΑΗ]
403 3463 433 3512 Η
449 3474 465 3512 e
483 3474 553 3514 corr.
572 3457 605 3513 V.
679 3461 722 3512 21.
747 3458 838 3511 διελεῖ
852 3456 949 3511 Theon
965 3454 1099 3526 (BFVb).

90 3530 163 3586 Dein
181 3529 245 3584 add.
265 3527 351 3599 μήκει
369 3531 402 3586 V.
457 3526 851 3601 22.AH]ccorr.nr.2V.
907 3527 980 3596 ΕΗ]
1002 3527 1058 3580 ΘΗ
1069 3525 1099 3579 Ρ.

1137 3656 1176 3672 ⁴ss
