2474 3908
131 173 196 238 120
499 173 720 268 'ZTOIXEISEN
739 170 766 226 ι’.

130 314 151 403 ἡ
174 323 244 385 AF
262 319 321 401 τῆς
345 320 423 382 ΔΒ·
456 315 554 400 λέγω,
578 312 629 382 ὅτι
651 313 691 381 τά
715 311 780 383 άτιδ
804 318 873 383 τάν
897 320 972 398 AF,
996 318 1057 381 ΓΒ
1082 319 1153 400 μεί-

131 421 210 504 ζονά
234 423 303 490 ἐστι
326 431 394 489 τῶν
420 418 485 488 άπὸ
509 424 578 489 τάν
602 428 683 505 ΑΔ,
707 426 782 488 ΑΒ.

201 525 384 614 Τετμήσθω
411 525 475 611 γάρ
498 523 519 612 ἡ
545 532 611 594 AB
636 529 712 613 δίχα
742 524 825 594 κατὰ
849 526 888 594 τὸ
912 535 950 595 Ε.
995 527 1051 594 καὶ
1081 529 1151 595 ἐπεὶ

131 639 250 722 μείζων
273 634 364 702 ἐστὶν
386 630 407 719 ἡ
430 639 499 701 AF
512 637 571 719 τῆς
590 640 669 718 AB,
691 635 788 719 κοινὴ
812 629 1004 722 ἀφῃρήσθω
1027 630 1048 720 ἡ
1069 640 1152 703 ΔΓ·

96 740 231 827 ελοιπὴ
262 738 328 830 άρα
350 738 371 826 ἡ
395 748 467 808 ΑΔ
489 742 608 826 λοιπῆς
633 743 692 826 τῆς
714 745 776 807 ΓΒ
799 745 919 827 μείζων
948 742 1047 808 ἐστίν.
1095 749 1153 827 ἴση

132 847 170 916 δὲ
193 844 214 933 ἡ
238 855 307 915 ΑΕ
326 856 367 934 τῇ
390 853 467 914 ΕΒ·
505 845 651 914 ἐλάττων
679 847 744 933 ἄρα
770 842 791 931 ἡ
817 853 888 913 ΔΕ
913 850 971 933 τῆς
998 851 1074 914 ΕΓ·
1110 847 1154 914 τά

133 960 170 1040 Γ,
194 961 228 1020 Δ
251 952 316 1039 άρα
340 965 458 1040 σημεῖα
483 949 545 1020 οὐκ
571 959 648 1021 ἴσον
676 949 836 1039 ἀπέχουσι
862 955 922 1037 τῆς
950 955 1154 1041 διχοτομίας.

131 1061 187 1128 καὶ
210 1060 279 1128 ἐπεὶ
303 1057 340 1127 τὸ
365 1055 431 1126 ὑπὸ
455 1061 524 1127 τῶν
548 1064 623 1143 AF,
647 1064 709 1127 ΓΒ
732 1056 812 1144 μετά
835 1060 898 1124 τοῦ
921 1055 986 1125 άπὸ
1010 1063 1069 1145 τῆς
1090 1064 1162 1128 ΕΓ

133 1176 209 1235 ἴσον
233 1167 302 1235 ἐστὶ
325 1169 370 1257 τῷ
394 1163 460 1233 άπὸ
484 1167 543 1252 τῆς
566 1171 645 1249 ΕΒ,
669 1162 754 1232 άλλδι
777 1162 845 1250 μὴν
862 1163 917 1231 καὶ
936 1163 974 1230 τὸ
994 1161 1061 1232 ὑπὸ
1084 1170 1156 1234 τῶν

81 1299 114 1349 10
133 1282 219 1360 AA,
248 1280 314 1340 AB
343 1270 424 1359 μετά
452 1274 514 1341 τοῦ
541 1269 607 1339 άπὸ
633 1278 703 1338 ΛΕ
729 1279 805 1337 ἴσον
833 1270 903 1338 ἐστὶ
930 1274 975 1362 τῷ
1006 1268 1070 1338 άπὸ
1095 1274 1157 1358 τῆς

133 1387 211 1466 ΕΒ,
235 1378 273 1447 τὸ
297 1376 362 1467 άρα
385 1376 451 1446 ὑπὸ
474 1388 543 1446 τῶν
562 1383 637 1463 AF,
658 1383 719 1445 FB
740 1377 820 1463 μετά
844 1380 905 1443 τοῦ
929 1373 994 1444 άπὸ
1018 1388 1078 1464 τῆς
1091 1384 1164 1446 ΕΓ

134 1493 210 1553 ἴσον
239 1484 307 1552 ἐστὶ
335 1487 380 1574 τῷ
408 1481 474 1551 ὑπὸ
503 1487 572 1551 τῶν
596 1493 628 1550 A
635 1491 682 1568 A,
710 1490 776 1550 ΑΒ
800 1479 880 1570 μετά
908 1485 969 1550 τοῦ
997 1483 1063 1552 άιιό
1095 1488 1157 1571 τῆς

135 1599 214 1659 ΛΕ·
243 1582 292 1659 ὦν
319 1588 358 1657 τὸ
386 1587 451 1657 άτιδ
475 1593 534 1676 τῆς
558 1597 629 1657 ΔΕ
650 1590 794 1658 ἔλασσόν
823 1590 891 1657 ἐστι
921 1599 983 1657 τοῦ
1006 1587 1161 1677 άπὸτῆς

136 1704 209 1766 ΕΓ·
241 1698 297 1765 καὶ
325 1696 445 1765 λοιπὸν
473 1695 539 1784 άρα
566 1693 604 1764 τὸ
628 1693 694 1766 ὑπὸ
722 1700 791 1765 τῶν
815 1701 896 1782 AF,
919 1701 981 1763 FB
1010 1695 1158 1764 ἔλασσόν

82 1829 114 1877 15
135 1806 203 1872 ε’στι
220 1807 282 1872 τοῦ
300 1801 366 1872 ὑπὸ
386 1807 455 1872 τῶν
471 1812 554 1889 ΑΔ,
569 1810 644 1871 ΑΒ.
679 1800 763 1870 ὥστε
786 1803 841 1869 καὶ
864 1801 902 1871 τὸ
928 1802 981 1883 δὶς
1003 1800 1070 1870 ὑπὸ
1086 1806 1158 1871 τῶν

134 1916 215 1997 AF,
230 1917 291 1979 FB
312 1910 454 1979 ἔλασσόν
473 1913 542 1979 ἐστι
560 1915 622 1979 τοῦ
642 1911 695 1991 δὶς
712 1907 778 1977 ὑπὸ
797 1913 866 1977 τῶν
881 1919 913 1976 A
919 1917 967 1995 Δ,
981 1917 1058 1978 ΔΒ.
1100 1910 1161 1977 καὶ

135 2017 255 2086 λοιπὸν
278 2016 345 2106 άρα
366 2016 404 2086 τὸ
430 2023 649 2104 συγκείμενον
673 2018 708 2084 ἐκ
726 2019 794 2085 τῶν
813 2012 878 2084 άπὸ
899 2019 967 2083 τῶν
988 2023 1068 2102 AF,
1093 2022 1161 2084 FB

135 2124 248 2211 μεῖζόν
262 2126 332 2193 ἐστι
349 2128 410 2192 τοῦ
429 2125 649 2210 συγκειμένου
670 2125 705 2191 ἐκ
724 2118 875 2191 τῶνάτιὸ
890 2126 961 2190 τοῖν
977 2131 1059 2208 ΑΔ,
1079 2129 1151 2190 ΑΒ
1185 2166 1194 2183 .

136 2228 217 2319 ὅπερ
241 2236 308 2300 ἔδει
332 2232 444 2312 δεῖξαι.

82 2431 117 2480 20
611 2405 674 2492 ffl-

197 2529 243 2597 ‘H
262 2533 302 2599 ἐκ
326 2529 399 2598 δύο
423 2527 632 2616 ὀνομάτων
654 2528 750 2597 κατὰ
776 2534 817 2599 ἓν
840 2531 965 2618 μόνον
987 2543 1156 2617 σημεῖον

137 2642 354 2724 διαιρεῖται
377 2640 433 2716 εἰς
455 2634 500 2702 τὰ
525 2633 710 2722 ὀνόματα.

194 2741 304 2812 Ἕστω
332 2744 369 2810 ἐκ
396 2741 459 2811 δύο
489 2740 669 2828 ὀνομάτων
697 2739 718 2829 ἡ
742 2751 807 2811 AB
831 2744 1016 2833 διῃρημένη
1042 2748 1091 2823 εἰς
1118 2744 1162 2812 τὰ

137 2848 287 2938 ὀνόματα
309 2876 394 2918 κατα
413 2848 450 2918 τδ
467 2855 507 2918 Γ·
531 2851 569 2916 αἱ
584 2854 660 2934 AF,
679 2855 741 2918 FB
760 2850 826 2934 ἄρα
850 2852 950 2937 ῥηταί
970 2853 1035 2918 εἰσι
1054 2849 1162 2918 δυνά-

86 2980 120 3028 25
140 2984 195 3044 μει
218 2957 327 3045 μόνον
350 2956 540 3044 σύμμετροι.
581 2956 679 3042 λέγω,
702 2954 754 3024 ὅτι
776 2952 882 3041 ἡΑΒ
904 2952 970 3022 κατ’
996 2953 1079 3023 άλλο
1104 2975 1162 3042 ση-

137 3077 235 3151 μεῖον
273 3063 315 3131 οὐ
352 3067 528 3149 διαιρεῖται
564 3066 611 3143 εἰς
644 3061 706 3130 δύο
739 3060 840 3146 ῥητὰς
878 3062 1019 3148 δυνάμει
1053 3061 1164 3149 μόνον

139 3170 356 3257 συμμέτρους.

212 3388 237 3439 2.
257 3383 327 3454 ΑΔ]
353 3385 410 3437 AF
426 3397 495 3436 corr.
515 3380 545 3434 in
564 3384 615 3433 AB
633 3398 670 3432 m.
690 3397 743 3435 rec.
763 3382 789 3436 b.
863 3389 888 3438 4.
912 3383 981 3438 Post
1002 3379 1085 3453 κοινή
1105 3385 1160 3441 del.

139 3453 172 3510 δέ
187 3453 220 3509 V.
278 3449 645 3525 ΔΓ]ΑΓ1),ΔΓιιαίΡ.
703 3456 726 3506 6.
742 3447 866 3508 ἐλάσσων
880 3453 911 3507 Ρ.
966 3449 1023 3524 ἄρα
1040 3450 1116 3510 ἐστίν
1130 3457 1161 3511 Ρ.

177 3525 350 3594 7.Δ,ΓΡ.
405 3529 430 3578 9.
449 3518 517 3595 μήν]
538 3539 593 3577 om.
612 3522 642 3578 P.
700 3528 740 3578 10.
760 3525 810 3592 τῆς
829 3527 885 3578 ΔΕ
904 3524 937 3579 V.
992 3527 1045 3599 τῷ]
1064 3528 1116 3582 τοῦ
1135 3527 1162 3582 b.
