2474 3908
167 153 231 218 332
552 154 753 207 ΣΤΟΙΧΕΙΩΝ
773 150 800 206 ι’.

167 294 356 383 κρμόζουσα
377 295 396 383 ἡ
416 303 485 363 ΒΕ·
509 299 546 362 αἱ
563 303 639 381 ΑΕ,
659 301 722 362 ΕΒ
746 293 811 380 ἀρετ
834 295 933 381 ῥηταί
954 296 1021 360 εἰσι
1042 292 1188 380 δυνάμει

169 401 277 489 μόνον
295 401 484 491 σύμμετροι.
518 401 574 468 καὶ
592 411 638 491 τῷ
656 406 715 486 τῆς
734 407 798 468 ΑΒ
820 397 905 488 πρὸς
927 400 990 486 τήν
1013 405 1080 467 ΓΔ
1099 399 1187 491 λόγῳ

168 505 186 575 ὁ
210 507 309 587 αὐτὸς
332 509 496 594 γεγονέτω
525 504 544 576 ὁ
571 511 629 594 τής
656 515 722 576 ΒΕ
747 506 831 596 πρὸς
854 505 918 592 τήν
942 513 1023 573 ΔΖ·
1061 506 1123 572 καὶ
1147 503 1189 586 ὡς

168 616 205 680 ἓν
221 612 294 697 ἀρετ
316 637 401 703 τερος
423 615 471 700 ἕν,
495 612 601 682 πάντα
626 614 722 699 [ἐστὶ]
746 612 829 701 πρὸς
851 613 976 680 πάντα·
1001 616 1099 680 ἔστιν
1124 610 1188 696 άρυ

133 717 223 800 ὅκαὶ
247 715 292 800 ὡς
315 719 376 806 ὅλη
399 717 420 807 ή
444 727 513 787 ΑΕ
537 719 620 810 πρὸς
643 720 727 805 ὅλην
749 716 811 804 τήν
834 723 910 802 ΓΖ,
939 714 1047 798 οὕτως
1075 715 1098 805 ή
1124 725 1188 785 ΑΒ

168 822 251 910 πρὸς
277 824 340 912 τήν
369 832 443 896 ΓΔ.
489 825 675 913 σύμμετρος
703 823 740 892 δέ
768 821 789 910 ή
817 830 882 890 ΑΒ
910 826 950 910 τή
979 828 1049 890 ΓΔ
1076 823 1188 910 μήκει·

169 930 355 1020 σύμμετρος
379 931 444 1021 ἀρα
467 932 523 1000 καὶ
545 932 565 1018 ή
590 939 659 998 ΑΕ
680 931 741 1017 μὲν
768 940 808 1019 τῇ
832 935 908 1014 ΓΖ,
941 926 962 1015 ή
991 928 1030 997 δὲ
1053 936 1125 997 ΒΕ
1149 939 1189 1018 τῇ

170 1045 245 1105 ΛΖ.
272 1039 328 1106 καὶ
351 1041 389 1105 αἱ
409 1044 486 1123 ΑΕ,
510 1045 572 1106 ΕΒ
596 1039 696 1125 ῥηταί
716 1041 781 1105 εἰσι
804 1034 946 1122 δυνάμει
968 1032 1081 1122 μόνον
1107 1036 1187 1124 σύμ

170 1134 294 1232 μετροι·
319 1144 374 1211 καὶ
394 1148 430 1211 αἱ
447 1149 518 1229 ΓΖ,
540 1150 606 1210 ΖΛ
625 1141 691 1229 ἀρα
710 1144 812 1230 ῥηταί
827 1145 891 1209 εἰσι
914 1138 1059 1227 δυνάμει
1078 1141 1190 1229 μόνον

119 1281 151 1330 10
171 1250 353 1341 σύμμετροι
376 1246 540 1336 [ἀποτομὴ
564 1248 630 1338 ἀρετ
653 1250 743 1317 ἐστὶν
766 1245 787 1335 ή
812 1253 882 1314 ΓΛ,

235 1358 331 1443 Λέγω
356 1358 408 1442 δή,
433 1354 487 1439 ὅτι1
506 1357 562 1423 καὶ
583 1359 624 1444 τῇ
647 1354 737 1436 τάξει
760 1352 782 1440 ή
805 1350 890 1439 αὐτή
912 1356 952 1441 τή
977 1359 1068 1437 ΑΒ].

236 1459 325 1529 Ἐιιεὶ
349 1453 412 1528 οὖν
436 1463 526 1528 ἐστιν
550 1458 595 1540 ὦς
617 1458 638 1547 ή
662 1468 731 1527 ΑΕ
751 1462 834 1544 πρὸς
856 1457 918 1545 τήν
941 1463 1013 1542 ΓΖ,
1036 1458 1188 1547 ,οὕτωςή

172 1574 239 1635 ΒΕ
258 1565 342 1652 πρὸς
359 1564 420 1651 τήν
441 1573 518 1651 ΔΖ,
542 1564 683 1647 ἐναλλάξ
707 1565 773 1655 ἀρα
796 1566 886 1634 ἐστὶν
910 1562 954 1644 ὡς
972 1561 993 1651 ή
1014 1571 1085 1633 ΑΕ
1108 1563 1189 1654 πρὸς

172 1672 234 1759 τήν
258 1679 332 1759 ΕΒ,
357 1669 463 1750 οὕτως
486 1669 506 1757 ή
531 1678 592 1740 ΓΖ
616 1671 698 1758 πρὸς
720 1673 782 1759 τήν
807 1680 881 1738 ΖΔ.
917 1669 992 1757 ήτοι
1016 1670 1060 1757 δὴ
1080 1668 1103 1758 ἡ
1124 1679 1193 1739 ΑΕ

121 1809 154 1858 15
172 1782 231 1866 τής
258 1785 321 1846 ΕΒ
348 1784 459 1865 μεῖζον
487 1778 628 1846 δύναται
655 1783 700 1870 τῷ
728 1777 793 1847 ἀπὸ
822 1777 1011 1865 συμμέτρου
1036 1778 1141 1866 ἑαυτή
1169 1774 1191 1864 ή

174 1887 218 1976 τῷ
238 1882 304 1954 ἀπὸ
328 1882 548 1972 ἀσυμμέτρου.
581 1889 612 1952 εἰ
629 1886 691 1972 μέν
711 1878 774 1953 οὖν
793 1882 813 1970 ἡ
829 1892 899 1951 ΑΕ
914 1887 973 1970 τῆς
992 1890 1056 1950 ΕΒ
1075 1891 1189 1970 μεῖζον

175 1992 314 2061 δύναται
336 1996 381 2083 τῷ
405 1988 470 2059 ἀπὸ
496 1993 686 2079 συμμέτρου
710 1991 822 2079 ἑαυτή,
845 1991 900 2057 καὶ
924 1986 943 2075 ή
965 1994 1025 2056 ΓΖ
1047 1995 1109 2076 τής
1130 1998 1189 2057 ΖΔ

174 2105 286 2186 μεῖζον
319 2099 498 2184 δυνήσεται
526 2101 572 2189 τῷ
605 2094 670 2165 ἀπὸ
704 2098 894 2184 συμμέτρου
922 2095 1032 2182 ἑαυτῇ.
1073 2095 1135 2163 καὶ
1162 2100 1190 2164 ει’

175 2206 236 2292 μὲν
260 2202 445 2292 σύμμετρός
469 2200 602 2289 ἐστινὴ
626 2210 695 2270 ΑΕ
715 2206 754 2290 τή
778 2203 947 2289 ἐκκειμένῃ
972 2202 1056 2290 ῥητή
1079 2201 1194 2290 μήκει,

123 2339 157 2388 20
175 2312 230 2379 καὶ
254 2308 274 2396 ἡ
299 2316 374 2395 ΓΖ,
402 2313 433 2377 εἰ
461 2308 498 2377 δέ
525 2306 545 2394 ή
570 2315 649 2394 ΒΕ,
676 2307 732 2374 καὶ
755 2304 775 2394 ή
801 2314 882 2393 ΔΖ,
910 2310 941 2373 εἰ
967 2305 1005 2374 δέ
1028 2304 1193 2394 οὐδετέρα

175 2427 244 2484 τῶν
267 2423 348 2500 ΑΕ,
373 2422 452 2500 ΕΒ,
479 2414 535 2480 καὶ
564 2411 722 2502 οὐδετέρα
745 2416 812 2482 τῶν
836 2419 907 2498 ΓΖ,
932 2419 1005 2480 ΖΔ.
1053 2417 1084 2480 εἰ
1109 2411 1192 2501 δέή

176 2529 244 2588 ΑΕ
273 2524 348 2606 [τής
376 2525 456 2603 ΕΒ]
490 2526 601 2607 μεῖζον
635 2519 776 2588 δύναται
807 2523 853 2612 τῷ
881 2518 946 2587 ἀπὸ
974 2503 1194 2608 ἀσυμμέτρου

177 2628 293 2714 έκυτή,
322 2625 377 2691 καὶ
404 2621 424 2710 ή
449 2631 510 2692 ΓΖ
537 2628 595 2710 τής
619 2632 685 2691 ΖΔ
713 2632 825 2712 μεῖζον
850 2623 1029 2711 δυνήσεται
1053 2629 1099 2717 τῷ
1126 2622 1192 2694 άιιὸ

176 2730 390 2819 ἀσυμμέτρου
413 2730 523 2818 ἑαυτῇ.
560 2731 615 2797 καὶ
638 2735 669 2798 εἰ
690 2731 752 2818 μὲν
771 2731 956 2819 σύμμετρός
974 2733 1064 2799 ἐστιν
1083 2729 1106 2818 ή
1126 2740 1196 2799 ΑΕ

123 2866 158 2916 25
176 2851 216 2930 τῇ
240 2837 409 2926 ἐκκειμένῃ
434 2839 516 2925 ῥητή
540 2836 646 2923 μήκει,
669 2837 724 2905 καὶ
742 2834 763 2924 ή
784 2843 854 2924 ΓΖ,
879 2842 910 2905 εί
932 2838 969 2906 δὲ
991 2835 1011 2924 ή
1036 2845 1114 2925 ΒΕ,
1137 2838 1195 2906 καὶ

250 3007 272 3056 1.
292 2995 392 3070 ἡΒΕ]
412 2992 483 3066 αὐτῇ
499 2991 516 3065 ἡ
532 3000 585 3050 ΕΒ
605 3018 635 3066 φ.
686 2999 739 3049 ΑΕ
771 3013 825 3052 om.
837 3017 869 3065 φ,
887 3004 908 3051 A
923 2997 954 3051 Β.
1004 3003 1029 3052 3.
1045 2991 1075 3068 ὁ]
1090 2999 1194 3068 (prius)

178 3090 231 3126 om.
252 3092 282 3140 φ.
357 3067 424 3139 ΔΖ]
450 3072 501 3122 ΖΔ
515 3067 547 3122 Β,
621 3075 645 3122 4.
671 3063 732 3122 έσιί
771 3067 900 3135 om,P.⁸
949 3065 1024 3121 ἔστιν
1043 3065 1115 3141 ἀρα]
1138 3086 1193 3124 om.

178 3143 240 3211 ch.
297 3147 322 3196 5.
342 3135 392 3208 ὅλη
411 3137 469 3206 άρα
487 3138 520 3192 V.
586 3145 609 3194 7.
630 3134 697 3208 ἀρα]
718 3157 774 3208 τερα
794 3133 855 3192 ἔστί
874 3138 923 3206 ch
943 3139 1007 3208 (del.
1023 3138 1068 3209 V).
1127 3141 1194 3212 καί]

179 3229 232 3267 om.
253 3233 284 3281 φ.
344 3208 396 3280 μὲν
415 3212 467 3264 ΑΕ
486 3209 538 3277 Vm
558 3210 702 3278 (postAE
720 3209 785 3264 hab.
805 3207 858 3279 μέν
876 3208 917 3281 E)
982 3212 1035 3263 ΒΕ
1054 3207 1195 3266 δέΒΕΒ.

214 3282 265 3352 τη]
285 3281 539 3336 suranean.
561 3286 584 3333 1.
657 3285 759 3335 8.ΔΖ
801 3280 928 3334 ΖΔΒΓ.
1001 3277 1200 3353 „alamani

179 3350 250 3407 εἰσιν
270 3300 357 3417 aig,
381 3348 413 3404 αἱ
430 3348 463 3404 δέ
486 3350 517 3403 Β.
600 3347 749 3473 εἰσιῶοιυ.
795 3393 801 3405 .
885 3357 925 3407 10.
944 3345 1034 3405 ἀτοτο
1057 3349 1196 3420 ή-11.

179 3423 242 3494 AB]
261 3440 315 3480 om.
334 3422 365 3475 P.
439 3427 480 3475 12.
500 3411 565 3492 οὖν]
585 3417 638 3490 γάρ
681 3422 754 3477 heon
773 3421 909 3491 (BFVb).
980 3370 1056 3493 ΑΕΫ
1068 3438 1143 3479 corr.
1164 3441 1198 3480 ex

179 3498 232 3549 EA
251 3493 284 3549 V.
358 3498 400 3548 1³.
419 3489 484 3564 τήν]
504 3509 558 3547 om.
573 3490 605 3560 Β,
624 3493 745 3550 mlv.
818 3495 871 3547 ΖΔ
888 3493 919 3547 Γ.
992 3488 1063 3564 ἀρα]
1084 3510 1142 3552 om.
1162 3495 1197 3549 V.
