2474 3908
173 147 238 212 318
559 145 761 200 Σοουτιιιοει
779 112 806 199 ι’.

172 289 343 376 σύμμετρα
367 285 472 376 αὐτὴν
495 291 633 375 διαιρεῖ,
661 283 682 373 ή
705 291 783 355 ΓΜ
805 285 871 376 άρα
893 290 953 373 τῆς
974 293 1048 354 ΜΖ
1079 295 1194 375 μεῖζον

173 395 315 464 δύναται
336 399 382 487 τῷ
406 393 472 463 άπὸ
496 395 688 481 συμμέτρου
711 395 821 484 ἕαυτή.
860 394 916 461 καὶ
940 391 1106 484 οὐδετέρα
1124 406 1194 465 τῶν

172 509 255 587 ΓΜ,
275 509 346 570 ΜΖ
370 501 555 589 σύμμετρός
578 502 647 568 ἐστι
671 499 767 587 μήκει
789 511 829 589 τῇ
849 502 1020 590 ἐκκειμένῃ
1044 503 1134 592 ῥητή
1155 507 1193 593 τή

171 613 246 674 ΓΔ·
270 604 291 693 ή
315 604 381 693 άρα
403 613 464 674 ΓΖ
488 604 638 693 άποτομή
663 608 732 674 ἐστι
754 612 857 694 τρίτη.

135 739 151 786 5
241 711 286 781 Τὸ
310 711 375 800 άρα
399 711 464 781 άπὸ
488 715 589 800 μέσης
608 709 777 800 ἀποτομῆς
796 713 952 797 δευτέρας
970 713 1064 800 παρά
1085 717 1193 806 ῥητήν

170 819 470 908 παραβαλλόμενον
493 817 616 898 πλάτος
638 831 729 888 ποιεί
748 816 923 905 άποτομήυ
945 824 1077 907 τρίτην·
1111 822 1192 914 ὅπερ

171 930 239 995 ἔδει
263 929 377 1008 δείξαι.

657 1112 700 1171 ρ.

241 1212 290 1279 Τὸ
314 1209 388 1279 άπὸ
416 1207 637 1289 ἐλάσσονος
663 1208 766 1298 παρά
791 1210 913 1297 ῥητήν
935 1218 1191 1300 παραβαλλό.

118 1342 151 1389 10
169 1344 290 1404 μενον
315 1316 459 1395 πλάτος
481 1329 590 1384 ποιεῖ
610 1313 814 1403 άποτομήν
837 1318 1037 1405 τετάρτην,

226 1422 336 1492 Ἔστω
360 1425 509 1491 ἐλάσσων
533 1420 650 1509 ήΑΒ,
674 1426 756 1511 ῥητή
777 1422 815 1491 δὲ
832 1420 853 1510 ή
873 1428 947 1510 ΓΔ,
970 1426 1026 1492 καὶ
1050 1433 1098 1520 τῷ
1121 1429 1189 1499 άπὸ

168 1534 226 1613 τής
249 1535 314 1596 ΑΒ
339 1537 414 1596 ἴσον
437 1529 526 1615 παρὰ
551 1527 656 1614 ῥητήν
679 1526 740 1614 τήν
763 1535 831 1596 ΓΔ
854 1533 1126 1619 παραβεβλήσθω
1151 1536 1187 1606 τὸ

170 1639 233 1702 ΓΕ
254 1633 377 1712 πλάτος
399 1636 522 1701 ποιοῦν
541 1633 604 1719 τήν
622 1640 697 1701 ΓΖ·
722 1637 818 1721 λέγω,
842 1633 893 1704 ὅτι
912 1633 932 1724 ἡ
951 1643 1013 1705 ΓΖ
1031 1635 1187 1730 άποτομή

168 1743 236 1808 ἐστι
260 1738 407 1827 τετάρτη.

117 1869 149 1918 15
226 1844 334 1915 Ἔστω
358 1844 422 1933 γάρ
444 1849 484 1934 τῇ
508 1854 574 1915 ΑΒ
598 1846 876 1936 προσαρμόζουσα
899 1846 920 1935 ή
944 1857 1025 1918 ΒΗ·
1061 1856 1101 1920 αἱ
1122 1852 1187 1941 άρα

169 1961 254 2040 ΑΗ,
277 1961 346 2022 ΗΒ
375 1957 516 2041 δυνάμει
543 1955 630 2022 είσὶν
653 1955 857 2044 ἀσύμμετροι
879 1961 1037 2026 ποιοῦσαι
1061 1957 1100 2028 τὸ
1125 1960 1187 2048 μὲν

167 2067 387 2148 συγκείμενον
415 2062 450 2128 ἐκ
476 2065 545 2129 τῶν
573 2057 637 2128 άπὸ
667 2065 735 2129 των
759 2060 845 2147 ΑΗ,
869 2069 937 2130 ΗΒ
962 2065 1186 2151 τετραγώνων

167 2166 285 2254 ῥητόν,
308 2170 345 2235 τὸ
370 2166 408 2235 δὲ
431 2168 484 2246 δὶς
505 2164 571 2235 ὑπὸ
595 2178 663 2236 τῶν
691 2175 778 2254 ΑΗ,
802 2175 871 2236 ΗΒ
899 2171 1012 2256 μέσον.
1058 2173 1187 2266 καὶτῷ

166 2272 227 2360 μὲν
252 2271 316 2341 άπὸ
340 2277 400 2359 τής
422 2280 495 2340 ΑΗ
517 2283 593 2341 ἴσον
621 2277 711 2363 παρά
734 2277 796 2360 τήν
820 2280 888 2343 ΓΔ
911 2278 1186 2366 παραβεβλήσθω

113 2403 147 2452 20
165 2383 203 2449 τὸ
225 2387 287 2449 ΓΘ
314 2378 439 2460 πλάτος
467 2384 590 2448 ποιοῦν
617 2384 680 2466 τήν
703 2387 783 2467 ΓΚ,
814 2390 861 2473 τῷ
886 2382 923 2450 δὲ
946 2381 1013 2450 άπὸ
1034 2388 1095 2470 τής
1119 2393 1191 2454 ΒΗ

166 2495 241 2554 ίσου
263 2513 301 2555 το
325 2493 395 2554 ΚΛ
421 2486 546 2567 πλάτος
571 2490 695 2555 ποιοῦν
718 2485 780 2573 τήν
808 2495 898 2556 ΚΜ·
940 2490 1022 2558 ὅλον
1050 2488 1119 2579 άρα
1148 2490 1186 2561 τὸ

166 2598 225 2658 ΓΛ
249 2601 324 2658 ίσον
348 2589 418 2660 ἐστὶ
445 2606 516 2672 τοῖς
542 2591 607 2661 άπὸ
636 2598 704 2661 τάν
732 2600 816 2680 ΑΗ,
843 2601 916 2665 ΗΒ.
962 2602 1022 2663 καί
1046 2599 1119 2666 ἐστι
1147 2598 1186 2667 τὸ

166 2703 384 2784 συγκείμενον
407 2700 533 2765 ἐκτῶν
556 2695 621 2766 άπὸ
644 2703 712 2767 τῶν
735 2706 815 2787 ΑΗ,
829 2707 901 2768 ΗΒ
926 2700 1040 2788 ῥητόν·
1078 2703 1186 2791 ῥητὸν

166 2801 231 2888 άρα
255 2805 324 2872 ἐστὶ
346 2805 402 2872 καὶ
424 2803 462 2872 τὸ
485 2811 555 2873 ΓΛ.
588 2805 644 2872 καὶ
667 2805 757 2892 παρά
781 2805 887 2894 ῥητήν
911 2805 972 2894 τήν
995 2815 1058 2876 ΓΔ
1079 2811 1187 2899 παρά-

113 2933 147 2983 25
166 2937 269 2980 κειται
292 2910 416 2992 πλάτος
437 2915 560 2980 ποιοῦν
583 2909 644 2999 τήν
669 2918 754 2980 ΓΜ·
791 2913 873 3001 ῥητή
897 2915 963 3002 άρα
985 2915 1040 2981 καὶ
1065 2913 1086 3002 ἡ
1111 2924 1190 2986 ΓΜ

164 3019 220 3085 καὶ
249 3019 434 3106 σύμμετρος
461 3022 500 3108 τή
530 3025 593 3087 ΓΔ
621 3019 726 3107 μήκει.
771 3021 827 3087 καὶ
855 3021 926 3089 ἐπεὶ
955 3019 1036 3088 ὅλον
1059 3021 1098 3089 τὸ
1125 3030 1187 3091 ΓΛ

165 3133 242 3191 ἴσον
261 3124 329 3193 ἐστὶ
347 3139 418 3206 τοῖς
436 3123 500 3195 άπο
515 3137 585 3195 των
608 3133 687 3212 ΑΗ,
702 3134 782 3215 ΗΒ,
806 3118 855 3196 ὧν
873 3126 911 3196 τὸ
931 3134 996 3195 ΓΕ
1017 3134 1094 3196 ἴσον
1115 3126 1186 3198 ἐστὶ

237 3359 260 3409 1.
280 3349 437 3425 σύμμετρον
454 3356 485 3412 P.
556 3357 631 3441 MZ]
649 3363 710 3413 ZM
725 3357 756 3412 P.
825 3364 848 3413 3.
869 3355 964 3429 μήκει]
985 3375 1038 3413 om.
1058 3360 1085 3414 b.
1159 3368 1184 3418 4.

164 3419 240 3510 ἔστιγ
258 3424 287 3479 P.
343 3430 368 3481 5.
387 3422 521 3552 vo'JVcorr.
542 3444 632 3516 οξτῳ
651 3447 687 3484 m.
708 3437 723 3484 2
743 3430 774 3484 F.
829 3424 904 3500 άπό]
923 3448 961 3484 m.
981 3435 997 3483 2
1016 3429 1045 3483 F.
1103 3430 1184 3501 παρά

165 3492 266 3568 βήτην]
282 3513 338 3567 mg.
349 3502 413 3551 ουν
451 3539 457 3552 .
512 3503 536 3554 6.
556 3518 627 3570 οπερ
643 3498 702 3556 ἔδει
717 3501 820 3572 ὃειξαι]
841 3518 896 3557 om.
910 3499 1024 3569 BFVb,
1044 3518 1139 3574 comp.
1154 3503 1184 3559 P.
