2474 3908
155 159 220 225 238
542 159 744 212 Σοοιεοιου
763 156 790 212 ι.
862 111 868 124 ’

212 300 319 370 Ἔστω
342 299 494 388 άποτομη
519 298 641 387 ἡΑΒ,
669 298 949 389 προσαρμόζουσα
976 299 1014 368 δέ
1042 296 1131 390 αὐτῇ
1156 299 1177 388 ἡ

154 415 229 476 ΒΓ·
252 411 290 474 αἱ
311 412 387 493 AF,
407 413 468 475 ΓΒ
491 406 559 493 άρα
581 409 682 495 ῥηταί
701 411 766 476 εἰσι
790 405 933 493 δυνάμει
956 405 1065 493 μόνον
1090 407 1178 497 σύμ-

153 535 279 601 μετροι·
309 515 411 600 λέγω,
435 513 549 604 ὅτιτῇ
573 522 639 582 ΑΒ
663 514 759 601 ἑτέρα
782 511 825 582 οό
846 513 1071 601 προσαρμόζει
1090 515 1176 604 ῥητὴ

153 618 295 707 δυνάμει
320 620 427 707 μόνον
451 620 637 708 σύμμετρος
661 612 746 689 οὖσα
768 624 809 708 τῇ
833 617 906 708 ὅλη.

117 747 133 796 5
219 731 264 794 Εἰ
290 726 355 816 γὰρ
385 726 549 812 δυνατόν,
581 727 838 814 προσαρμοζέτω
870 724 891 812 ἡ
924 732 1006 793 ΒΔ·
1048 728 1107 794 παὶ
1141 731 1179 796 αἱ

153 842 239 919 ΑΛ,
264 841 331 901 ΑΒ
361 832 427 920 άρα
455 835 556 921 ῥηταί
581 837 646 901 εἰσι
674 831 816 918 δυνάμει
844 833 953 918 μόνον
980 831 1175 925 σύμμετροι.

151 942 208 1008 καὶ
227 943 311 1025 ἐπεί,
339 931 366 1030 ᾦ
390 937 543 1028 ὑπερέχει
570 938 611 1008 τά
636 938 702 1008 άπὸ
729 948 799 1008 τῶν
825 947 911 1024 ΑΔ,
936 946 1003 1007 ΛΒ
1029 945 1092 1008 τοῦ
1123 944 1175 1023 δὶς

152 1045 217 1115 ὑπὸ
240 1051 309 1114 τάν
333 1055 420 1133 ΑΔ,
445 1054 527 1133 ΔΒ,
554 1045 663 1137 τούτῳ
691 1043 843 1135 ὑπερέχει
869 1045 926 1113 καὶ
953 1043 995 1112 τά
1017 1043 1083 1115 άπὸ
1105 1053 1174 1116 τῶν

152 1161 228 1239 AF,
247 1160 309 1222 FB
333 1158 394 1222 τοῦ
418 1155 470 1234 δὶς
492 1151 559 1222 ὑπὸ
581 1156 650 1220 τάν
667 1158 741 1238 AF,
760 1158 836 1220 FB·
866 1156 912 1243 τῷ
931 1151 997 1239 γάρ
1016 1150 1107 1245 αὐτῷ
1126 1158 1172 1245 τῷ

100 1279 133 1327 10
151 1260 217 1329 άπὸ
237 1265 295 1347 της
309 1268 375 1328 AB
394 1259 568 1350 άμφότερα
581 1256 746 1349 ὑπερέχει·
766 1257 908 1339 ἐναλλάξ
928 1255 1005 1345 ἄρα,
1024 1251 1052 1351 ᾦ
1070 1258 1172 1346 ὑπερ

152 1370 218 1454 έχει
245 1366 286 1433 τά
314 1366 378 1435 άπὸ
408 1371 477 1434 τάν
504 1374 590 1452 ΑΔ,
615 1373 681 1433 ΑΒ
712 1370 779 1433 τῶν
807 1363 874 1433 ἀπὸ
899 1370 967 1432 τῶν
995 1369 1073 1450 AF,
1095 1372 1171 1450 FB,

151 1472 257 1559 τούτῳ
282 1470 434 1560 ὑπερέχει
459 1473 541 1557 [καὶ]
569 1473 608 1540 τὸ
638 1472 691 1551 δὶς
716 1469 783 1541 ὑπὸ
810 1476 879 1539 τῶν
902 1480 990 1557 AA,
1013 1479 1080 1540 AB
1107 1476 1170 1540 τοῦ

152 1578 205 1656 δὶς
223 1575 289 1645 ὑπὸ
309 1583 380 1646 τῶν
403 1585 480 1665 AF,
499 1584 571 1646 FB.
616 1576 657 1645 τά
677 1577 715 1645 δὲ
738 1577 803 1646 ἀπὸ
822 1588 891 1646 τῶν
910 1586 992 1666 AA,
1010 1586 1078 1647 AB
1101 1589 1171 1648 τῶν

151 1682 215 1751 ἀπὸ
234 1687 302 1751 τάν
321 1689 396 1770 ΑΓ,
415 1690 477 1752 FB
495 1682 648 1774 ὑπερέχει
667 1685 768 1776 ῥητῷ·
800 1683 883 1772 ῥητά
902 1684 967 1772 γὰρ
986 1683 1171 1773 άμφότερα.

100 1808 132 1857 15
151 1789 207 1856 καὶ
230 1788 267 1857 τό
292 1790 344 1870 δὶς
367 1788 434 1875 άρα
460 1787 526 1859 ὑπὸ
555 1794 625 1858 τῶν
652 1800 738 1877 ΑΔ,
762 1797 829 1858 ΑΒ
857 1795 918 1858 τοῦ
942 1791 995 1870 δὶς
1016 1789 1086 1860 ὑπὸ
1103 1796 1171 1861 τῶν

152 1906 184 1964 Α
191 1902 229 1981 Γ,
254 1902 315 1964 ΓΒ
339 1893 490 1987 ὑπερέχει
514 1900 616 1990 ῥητῷ·
648 1895 730 1984 ὅπερ
754 1898 844 1965 ἐστὶν
868 1894 1054 1966 ἀδύνατον·
1087 1899 1171 1984 μέσα

152 2003 215 2090 γάρ
244 2003 430 2093 ἀμφότερα,
463 2005 567 2092 μέσον
595 2003 633 2073 δὲ
660 2005 765 2092 μέσου
793 2002 855 2092 οὐχ
888 2001 1042 2092 ὑπερέχει
1070 2006 1171 2096 ῥητῷ.

152 2114 191 2197 τῇ
210 2109 275 2199 άρα
294 2120 361 2180 AB
380 2112 475 2200 ἑτέρα
494 2109 536 2179 οὑ
555 2112 778 2200 προσαρμόζει
797 2110 879 2198 ῥητὴ
900 2110 1044 2198 δυνάμει
1061 2109 1171 2198 μόνον

152 2216 339 2304 σύμμετρος
362 2215 447 2288 οὖσα
470 2224 510 2308 τῇ
534 2217 606 2307 ὅλη.

98 2346 132 2394 2ο
218 2329 294 2391 Μία
317 2322 382 2409 άρα
406 2324 494 2412 μόνη
513 2329 553 2413 τῇ
577 2323 728 2413 ἀποτομῇ
752 2323 975 2413 προσαρμόζει
1003 2323 1087 2412 ῥητὴ
1112 2329 1171 2393 δυ-

150 2432 249 2517 νάμει
267 2428 374 2517 μόνον
394 2432 580 2520 σύμμετρος
600 2424 686 2499 οὖσα
704 2436 743 2520 τῇ
764 2430 837 2520 όλη·
865 2429 946 2520 ὅπερ
967 2434 1035 2498 ἔδει
1055 2432 1172 2512 δεῖξαι.

637 2608 683 2677 π’.

222 2735 273 2819 Τῇ
301 2732 420 2817 μέσης
447 2730 626 2819 ἀποτομῇ
652 2731 785 2822 πράτη
809 2737 878 2820 μία
902 2730 1027 2820 μόνον
1050 2754 1172 2819 προσ-

151 2838 312 2926 αρμόζει
336 2835 475 2907 εὐθεῖα
495 2838 591 2925 μέση
612 2837 781 2926 δυνάμει
800 2837 927 2926 μόνον
946 2837 1172 2930 σύμμετρος

222 3024 246 3072 3.
267 3015 348 3088 ρητή]
374 3036 411 3074 m.
430 3018 496 3074 26.
571 3024 595 3073 5.
596 3016 901 3105 προσαρμοζὲσδαὶ).
974 3017 1040 3088 καί]
1061 3033 1116 3072 om.
1136 3017 1170 3074 B.

186 3095 211 3144 6.
231 3089 329 3178 ΔΒ]
316 3088 417 3143 ΒΔΕ.
486 3095 510 3145 9
530 3110 568 3144 τω
587 3083 679 3143 άπὸτ
680 3087 827 3177 fflvdF,
894 3094 936 3143 10.
956 3092 1060 3142 ΑΒ-
1080 3086 1170 3159 ὑπερ-

152 3156 259 3231 έχει’]
242 3179 329 3213 ααπ
312 3155 423 3246 άμφοτέ
426 3180 482 3230 ρων
486 3145 642 3249 ὑπεροχης
660 3179 698 3231 τῳ
714 3179 771 3214 απο
792 3179 841 3230 της
854 3164 904 3213 ΑΒ
923 3158 1039 3228 13be
1030 3177 1060 3214 m
1074 3159 1097 3214 Β
1113 3160 1170 3217 del

151 3248 187 3284 m
207 3236 232 3297 2,
253 3248 309 3302 mg.
328 3233 366 3303 τῷ
385 3227 439 3301 γάρ
458 3251 513 3284 αυτ
514 3252 581 3304 ῳ-
548 3214 726 3318 -νπερέχει
744 3249 780 3285 m.
801 3236 824 3286 2
872 3223 993 3304 ᾦ]άςὶ).
1045 3235 1088 3286 11.
1108 3237 1169 3300 ΑΔ,

151 3307 202 3356 ΔΒ
230 3304 290 3370 AF,
302 3286 400 3370 FB'F,
416 3307 565 3358 corrm..2
613 3297 717 3356 άπό-
683 3308 770 3357 12
780 3287 1074 3392 υπερεχει]ιυταεΡ
1126 3309 1168 3360 12.

151 3373 203 3427 καί
237 3388 288 3427 om.
309 3371 340 3427 P
414 3373 478 3460 ΔΒ]
498 3391 534 3427 m.
555 3373 620 3429 22
695 3380 737 3430 14
757 3369 841 3444 όητά]
861 3390 931 3429 corr.
951 3390 986 3428 ex
1005 3369 1074 3460 ρητή
1093 3373 1122 3428 V
1141 3375 1171 3430 et

150 3462 186 3498 m.
201 3460 256 3498 rec.
270 3441 302 3496 B.
357 3441 424 3497 Post
441 3463 495 3532 χαρ
516 3443 579 3498 add.
596 3441 666 3499 εἰσιν
685 3444 770 3513 FVb,
791 3441 913 3501 έοτινΒ
969 3448 1010 3498 15.
1029 3440 1076 3517 τό]
1097 3461 1169 3500 corr.

151 3532 185 3571 ex
203 3515 240 3570 τά
261 3533 298 3572 m.
320 3514 383 3570 16.
453 3511 520 3586 άρα]
541 3531 595 3571 om.
615 3514 649 3569 V
715 3521 757 3572 17.
776 3516 843 3571 Post
860 3512 915 3585 χάρ
933 3514 998 3571 add.
1019 3513 1090 3571 εἰσιν
1110 3516 1169 3585 Vb,
