2474 3908
167 165 233 232 352
553 165 756 219 ετοοιειιιο
775 160 802 219 ι’.

169 307 345 396 ὀνομάτων
367 306 481 396 πρώτη
501 306 593 374 ἐστὶν
611 304 632 393 ή
651 313 685 374 A
691 314 728 374 E.
772 304 949 394 διῃρήσθω
972 308 1023 384 εἰς
1045 303 1091 372 τὰ
1117 302 1190 374 ὀνό·

168 441 255 504 ματα
277 412 421 483 κατὰτὸ
446 420 495 501 H,
517 413 573 481 καὶ
596 417 679 481 ἔστω
702 418 815 500 μεῖξον
839 410 948 498 ὄνομα
968 409 1008 480 τὸ
1034 418 1128 479 ΔΗ·
1159 414 1193 480 αἱ

170 529 256 609 ΛΗ,
279 528 352 589 ΗΕ
378 520 444 609 ἄρα
470 521 572 607 ῥηταί
595 522 661 587 εἰσι
689 518 831 606 δυνάμει
859 517 968 606 μόνον
990 518 1190 608 σύμμετροι,

168 629 225 695 καὶ
247 624 268 713 ή
289 634 366 695 ΛΗ
384 629 443 714 τῆς
461 633 534 694 ΗΕ
554 632 666 713 μεῖζον
685 624 827 694 δύναται
844 628 891 718 τῷ
910 621 974 694 ἆιτδ
994 626 1190 714 συμμέτρου

136 758 152 808 ⁶
171 735 283 824 ἑαυτῇ,
305 734 362 801 καὶ
383 730 422 801 τὸ
445 739 557 820 μεῖζον
579 729 600 818 ή
625 739 702 800 ΔΗ
720 730 907 820 σύμμετρός
930 732 1000 799 ἐστι
1022 735 1066 821 τῇ
1092 735 1190 800 ἐκκει-

171 842 253 930 μένῃ
273 843 356 929 ῥητή
380 839 476 927 μήκει
497 849 538 928 τῇ
560 844 634 906 ΔΓ.
669 839 726 906 καὶ
747 835 770 925 ή
789 845 856 906 ΔΖ
874 837 939 925 ἄρα
956 842 998 927 τή
1014 845 1094 906 ΔΗ
1111 837 1191 925 σάμ-

171 946 289 1037 μετρός
319 949 388 1015 ἐστι
416 944 526 1034 μήκει·
562 946 618 1013 καὶ
648 944 747 1032 λοιπή
776 943 842 1033 ἄρα
863 942 884 1031 ή
908 952 977 1012 ΗΖ
1001 943 1192 1033 σύμμετρός

173 1056 242 1123 ἐστι
264 1057 304 1142 τή
329 1060 395 1120 ΔΖ
418 1053 524 1140 μήκει.
557 1052 640 1137 [ἐπεὶ
664 1044 728 1121 οὖν
751 1051 941 1139 σύμμετρός
962 1055 1055 1120 ἐστιν
1080 1050 1103 1140 ἡ
1127 1059 1192 1120 ΔΖ

171 1166 212 1250 τῇ
235 1168 319 1247 ΗΖ,
348 1161 431 1248 ῥητή
458 1161 498 1229 δέ
523 1161 615 1228 ἐστιν
638 1157 659 1246 ή
684 1166 760 1246 ΔΖ,
799 1159 881 1247 ῥητή
906 1157 972 1245 ἄρα
995 1158 1066 1226 ἐστὶ
1091 1156 1192 1245 κιιὶή

122 1291 155 1340 10
173 1274 250 1336 ΗΖ.
292 1266 362 1335 ἐπεὶ
385 1258 448 1335 οὖν
471 1265 658 1354 σύμμετρός
681 1267 772 1334 ἐστιν
793 1263 814 1352 ή
834 1272 902 1333 ΔΖ
922 1269 963 1355 τῃ
985 1272 1055 1334 ΗΖ
1080 1265 1191 1354 μήκει]

173 1370 383 1465 ἀσύμμετρος
406 1372 444 1441 δὲ
467 1369 487 1459 ή
508 1379 574 1439 ΔΖ
596 1375 636 1459 τῃ
659 1378 722 1438 ΕΖ
745 1371 853 1459 μήκει·
891 1369 1106 1461 ἀσύμμετρος
1127 1371 1192 1462 ἄρα

176 1480 245 1548 ἐστὶ
276 1481 330 1547 καὶ
364 1477 385 1567 ή
418 1486 487 1547 ΖΗ
517 1483 558 1568 τῇ
590 1485 653 1546 ΕΖ
685 1477 791 1566 μήκει.
850 1482 888 1546 αἱ
916 1486 999 1564 ΗΖ,
1028 1486 1098 1546 ΖΕ
1127 1477 1193 1568 ἄρα

175 1586 276 1673 ῥηταί
298 1588 390 1669 [εἰσι]
416 1584 559 1671 δυνάμει
582 1583 690 1671 μόνον
712 1583 905 1674 σύμμετροι·
943 1583 1099 1673 ἀποτομή
1127 1584 1192 1672 άριι

176 1690 266 1758 ἐστὶν
294 1689 316 1777 ή
343 1698 422 1760 ΕΗ.
467 1687 552 1758 ἀλλὰ
574 1690 631 1757 καὶ
659 1689 755 1778 ῥητή·
788 1689 869 1777 ὅπερ
893 1691 983 1758 ἐστὶν
1007 1689 1192 1762 ἀδύνατον.

124 1822 156 1871 15
237 1794 278 1864 ‘H
300 1794 367 1886 άροι
390 1795 536 1884 άποτομδ
566 1794 628 1865 οὐκ
651 1792 742 1865 ἔοτιν
764 1793 785 1884 ή
810 1795 893 1885 αὐτή
916 1806 957 1886 τῇ
976 1797 1101 1868 ἐκδύο
1121 1798 1192 1868 ὀνο·

175 1903 302 1991 μάτων·
331 1903 412 1990 ὅπερ
437 1908 504 1972 ἔδει
529 1906 642 1986 δεῖξαι.

567 2115 797 2205 [Πόριομο].

246 2240 291 2310 Ἡ
314 2239 493 2327 άποτομή
522 2240 589 2308 καὶ
616 2243 659 2308 αἱ
685 2239 763 2328 μετ’
789 2240 911 2329 αὐτήν
934 2242 1079 2328 ἄλογοι
1104 2241 1193 2312 οὔτε

176 2352 221 2438 τή
244 2349 341 2438 μέσῃ
365 2346 456 2417 οὔτε
479 2345 671 2435 ἀλλήλαις
694 2349 798 2416 εἰσὶν
822 2351 863 2416 αἱ
885 2345 1010 2416 αὐταί.

125 2480 160 2530 20
249 2458 293 2526 Τὸ
320 2455 382 2542 μὲν
409 2454 473 2543 γὰρ
500 2453 567 2523 άπὸ
594 2455 696 2541 μέσης
723 2453 812 2541 παρὰ
846 2452 951 2543 ῥητήν
980 2455 1195 2542 παραβαλλό-

177 2588 280 2647 μενον
302 2561 427 2641 πλάτος
453 2574 544 2628 ποιεϊ
570 2558 675 2648 ῥητήν
703 2561 758 2628 καὶ
785 2559 998 2650 ἀσύμμετρον
1026 2565 1085 2650 τῇ,
1114 2563 1192 2651 παρ’

178 2664 222 2754 ἣν
239 2666 444 2754 παράκειται,
464 2666 572 2753 μήκει,
591 2665 629 2734 τὸ
650 2665 688 2734 δὲ
706 2665 773 2736 άπὸ
791 2665 960 2754 ἀποτομῆς
977 2666 1070 2753 παρὰ
1089 2666 1197 2757 ῥητήν

251 2888 274 2935 1.
295 2875 443 2948 ὀνομάτων
457 2875 514 2948 ἄρα
532 2878 587 2934 Bb.
662 2875 721 2935 ἐστὶ
738 2876 833 2950 πρώτη
853 2880 908 2949 Εἳ,
926 2878 1022 2949 πρώτη
1042 2898 1196 2951 suprascr.

180 2971 217 3007 m.
237 2959 253 3006 2
273 2952 306 3008 V.
379 2950 533 3039 διῃρημένη
552 2951 580 3020 b,
598 2969 654 3021 mg.
674 2969 711 3004 m.
732 2956 761 3004 1:
785 2970 826 3019 ηρ.
846 2948 1000 3022 διῃρήσθω.
1075 2959 1101 3009 4.
1123 2952 1195 3023 ΗΕ]

180 3027 241 3078 ΕΗ
256 3024 286 3078 F.
360 3023 414 3093 τῷ]
438 3042 470 3076 το
491 3044 521 3092 φ.
595 3027 619 3077 ὅ.
639 3017 670 3076 τὸ
691 3022 804 3092 μεῖζον]
824 3020 858 3089 Ρ,
883 3024 912 3077 et
931 3022 964 3089 V,
984 3038 1070 3092 supra
1090 3040 1147 3078 scr.
1165 3019 1194 3092 ἦς

180 3112 233 3150 om.
253 3095 283 3162 b,
307 3090 325 3162 ἡ
349 3096 451 3164 μείζων
473 3094 510 3161 Β;
539 3109 594 3149 om.
613 3114 649 3162 φ,
673 3093 723 3147 sed
745 3098 812 3163 post
834 3097 897 3146 ΔΗ
912 3093 1015 3148 lacuna
1038 3095 1083 3147 est
1103 3099 1119 3148 6
1139 3092 1194 3149 litt.

216 3171 240 3221 ⁷.
259 3166 333 3218 Ante
352 3162 436 3235 μήκει
455 3165 509 3222 del.
529 3165 562 3236 τῇ
583 3159 734 3236 ἐκκειμένῃ
753 3160 822 3235 ῥητή
842 3161 927 3233 μήκει
946 3164 978 3218 τ’
1000 3169 1025 3218 Δ
1032 3167 1059 3218 Γ
1075 3182 1113 3220 m.
1135 3165 1195 3220 lb.

214 3236 297 3304 λοιπῇ
317 3231 373 3304 ἄρα
392 3236 425 3305 τῇ
444 3233 532 3289 BFV.
602 3235 670 3358 ΗΖᾹ
689 3235 719 3289 in
737 3251 791 3290 ras.
806 3253 842 3288 m.
859 3239 873 3288 1
892 3234 924 3303 b;
971 3239 1001 3289 Η
1011 3235 1043 3304 F,
1062 3251 1122 3305 seq.
1142 3251 1195 3290 rau.

182 3303 271 3359 llitt.
325 3310 351 3359 8.
371 3302 430 3360 ἔστι
447 3306 493 3377 τῇ]
514 3301 625 3374 ἐστινὴ
671 3306 721 3362 Vb
740 3307 770 3360 ει
788 3321 872 3375 supra
890 3322 940 3361 scr.
961 3301 977 3376 ἡ
997 3325 1028 3375 φ.
1085 3301 1196 3362 ἐπεί-

182 3382 223 3431 10.
244 3380 298 3429 ΗΖ
312 3376 497 3501 (ριίοε)ήοιο.
512 3375 543 3444 Ρ,
562 3395 618 3447 mg.
638 3376 670 3432 V.
726 3382 751 3433 9.
772 3377 838 3449 ΗΖ]
858 3380 959 3432 Zante
976 3393 1031 3432 ras.
1052 3382 1067 3431 1
1088 3377 1145 3433 litt.
1164 3376 1195 3432 V.

217 3442 309 3518 ἔστιν]
334 3463 389 3503 om.
436 3489 441 3502 .
519 3446 589 3502 Post
607 3443 675 3518 ρἠτή
700 3447 731 3501 in
749 3464 805 3516 mg.
825 3465 862 3503 m.
884 3453 898 3502 1
918 3446 982 3504 add.
1002 3443 1090 3519 μήκει
1108 3443 1196 3520 άοάμ·

180 3537 279 3588 μετρος
296 3537 332 3575 m.
354 3524 368 3572 1
387 3519 413 3574 b.
488 3513 563 3574 ἐστίν
581 3520 616 3587 Β,
640 3535 694 3574 om.
714 3518 747 3574 V.
822 3524 863 3576 10.
891 3516 956 3574 ἐπεί
971 3550 1005 3560 -
1025 3515 1123 3592 μήκει]
1142 3537 1196 3577 om.
