2474 3908
132 183 196 248 358
518 178 720 234 ΣΤοΙΧΕιΩΝ
739 177 767 238 ι’.

43 377 47 382 -
134 322 240 406 οὕτως
263 321 284 412 ή
308 332 344 392 Η
366 321 448 409 πρὸς
470 322 532 410 τήν
557 332 626 392 ΕΖ.
663 331 783 411 μείζων
808 314 845 392 δὲ
868 320 888 410 ἡ
908 329 970 390 ΓΒ
994 327 1054 409 τῆς
1074 331 1152 392 ΒΔ·

134 437 255 519 μείζων
283 429 349 517 ἄρα
377 431 446 499 ἐστὶ
474 431 529 497 καὶ
557 427 577 517 ή
602 437 641 497 Η
665 434 723 517 τής
746 437 818 498 ΕΖ.
864 435 947 498 έστω
969 434 1010 516 τῇ
1034 437 1077 496 Η
1097 439 1152 517 ι’ση

134 536 256 625 ήΕΘ·
293 542 383 604 ἔστιν
407 534 472 623 ἄρα
496 534 541 617 ὡς
563 535 584 623 ἡ
604 542 664 605 ΓΒ
693 535 775 624 πρὸς
798 535 860 623 τήν
883 543 964 622 ΒΔ,
997 533 1152 624 οὕτωςή

133 653 198 712 ΘΕ
218 644 303 731 πρὸς
324 643 387 731 τήν
406 652 483 712 ΕΖ·
507 643 654 713 διελόντι
677 643 742 732 ἄρα
766 645 857 713 ἐστὶν
880 643 925 725 ὡς
943 640 963 731 ή
984 649 1048 711 ΓΔ
1068 642 1152 731 πρὸς

98 750 195 838 ετήν
218 759 301 837 ΒΔ,
331 751 437 832 οὕτως
464 748 485 839 ή
509 759 569 819 ΘΖ
597 755 680 838 πρὸς
707 754 769 838 τήν
797 758 868 820 ΖΕ.
914 751 1082 838 γεγονέτω
1108 751 1153 831 ὡς

132 857 153 947 ή
178 865 240 925 ΘΖ
264 856 346 946 πρὸς
368 857 430 945 τήν
450 855 653 943 ΖΕ,.οῧτως
676 856 697 944 ή
717 865 784 926 ΖΚ
805 857 889 945 πρὸς
911 857 974 944 τήν
988 865 1072 926 ΚΕ·
1097 859 1152 926 καὶ

134 964 193 1054 ὅλη
218 964 284 1054 ἅμα
308 962 328 1052 ἡ
352 973 420 1033 ΘΚ
446 963 528 1055 πρὸς
552 963 636 1051 ὅλην
658 964 721 1051 τὴν
744 971 811 1033 KZ
834 966 939 1052 ἐστιν,
968 963 1014 1044 ὡς
1038 963 1060 1053 ἡ
1088 971 1155 1032 ΖΚ

134 1073 217 1161 πρὸς
240 1079 318 1140 ΚΕ·
357 1071 401 1152 ὡς
430 1070 494 1159 γὰρ
523 1076 560 1139 ἓν
588 1076 656 1141 τῶν
682 1070 882 1159 ἡγουμένων
909 1071 992 1160 πρὸς
1021 1076 1059 1140 ἓν
1083 1084 1151 1142 τῶν

41 1184 44 1188 ’
133 1182 320 1268 ἑπομένων,
355 1177 460 1259 οὕτως
487 1176 617 1247 ἅπαντα
643 1177 684 1246 τὰ
712 1177 883 1266 ἡγούμενα
912 1179 994 1267 πρὸς
1017 1178 1151 1248 ἅπαντα

82 1300 116 1350 10
134 1287 175 1356 τὰ
197 1287 351 1373 ἑπόμενα.
398 1283 443 1365 ὡς
466 1285 503 1354 δὲ
525 1283 546 1372 ή
567 1287 639 1353 ’ΖΚ
660 1289 743 1373 πρὸς
766 1293 848 1371 ΚΕ,
878 1285 983 1366 οὕτως
1011 1284 1150 1374 ἐστὶνή

132 1401 195 1462 ΓΔ
208 1395 291 1479 πρὸς
304 1390 366 1478 τήν
382 1398 461 1459 ΔΒ·
485 1392 541 1460 καὶ
556 1389 600 1472 ὡς
613 1389 797 1479 ἄραήΘΚ
809 1394 891 1480 πρὸς
906 1400 981 1479 ΚΖ,
1006 1391 1149 1480 οὕτωςή

133 1507 195 1568 ΓΔ
217 1497 299 1583 πρὸς
322 1496 385 1584 τήν
407 1504 481 1564 ΔΒ.
519 1497 708 1585 σύμμετρον
732 1497 770 1566 δὲ
792 1497 829 1567 τὸ
851 1496 915 1568 ἆιιὸ
938 1501 997 1584 τῆς
1016 1504 1081 1566 ΓΔ
1103 1504 1149 1591 τῷ

132 1602 195 1673 ἀπὸ
215 1608 275 1690 τῆς
290 1611 370 1670 ΑΒ·
394 1603 583 1690 σύμμετρον
606 1602 672 1691 ἅμα
696 1605 765 1673 ἐστὶ
788 1605 844 1672 καὶ
865 1603 903 1674 τὸ
923 1602 988 1673 ιἰιιὸ
1009 1610 1069 1692 τῆς
1083 1614 1152 1675 ΘΚ

131 1722 176 1805 τῷ
201 1709 266 1779 ἀπὸ
289 1713 348 1796 τῆς
367 1717 402 1778 Κ
407 1718 442 1778 Ζ.
479 1715 538 1777 καί
558 1711 648 1779 ἐστιν
672 1709 717 1792 ὡς
739 1710 777 1779 τὸ
802 1709 868 1781 ἀπὸ
893 1716 952 1800 τής
975 1720 1044 1781 ΘΚ
1064 1711 1150 1801 πρὸς

83 1839 115 1888 15
134 1817 171 1887 τὸ
197 1816 262 1885 ιἰιιὸ
281 1821 339 1903 τής
362 1824 438 1904 ΚΖ,
462 1814 568 1898 οὕτως
590 1815 611 1904 ή
636 1825 704 1886 ΘΚ
725 1817 809 1907 πρὸς
831 1817 893 1906 τήν
915 1826 994 1906 ΚΕ,
1019 1821 1090 1888 ἐπεὶ
1114 1824 1152 1888 αἱ

132 1939 220 2015 τρεῖς
247 1927 285 1992 αἱ
309 1931 391 2010 ΘΚ,
418 1931 499 2007 ΚΖ,
524 1931 593 1993 ΚΕ
618 1922 789 2012 ἀνάλογόν
817 1930 912 1995 εἰσιν.
961 1926 1150 2016 σύμμετρος

131 2031 197 2122 ἅμα
225 2029 245 2119 ή
273 2038 341 2099 ΘΚ
370 2036 409 2120 τή
439 2037 509 2098 ΚΕ
538 2033 646 2118 μήκει·
688 2030 771 2100 ὥστε
797 2032 853 2100 καὶ
877 2029 897 2120 ή
921 2040 986 2101 ΘΕ
1013 2038 1053 2124 νή
1080 2042 1150 2103 ΕΚ

131 2137 318 2226 σύμμετρός
341 2141 410 2207 ἐστι
433 2136 537 2225 μήκει.
582 2138 638 2206 καὶ
667 2138 737 2207 ἐπεὶ
764 2137 802 2207 τὸ
830 2137 896 2208 ἀπὸ
924 2145 982 2227 τῆς
1010 2150 1042 2208 A
1071 2150 1148 2211 ἴσον

132 2246 201 2315 ἐστὶ
224 2249 269 2336 τῷ
293 2242 358 2313 ὑπὸ
381 2249 450 2313 τῶν
473 2251 545 2333 ΕΘ,
565 2253 644 2330 ΒΛ,
668 2243 770 2332 ῥητὸν
795 2247 834 2314 δέ
851 2247 919 2314 ἐστι
942 2245 979 2315 τὸ
999 2244 1065 2316 dud
1091 2254 1150 2336 τής

82 2375 117 2426 20
135 2363 181 2439 A,
214 2353 317 2439 ῥητὸν
341 2351 406 2439 ἄρα
434 2351 503 2419 ἐστὶ
529 2352 585 2420 καὶ
609 2350 646 2419 τὸ
674 2349 740 2420 ὑπὸ
769 2356 837 2420 τῶν
867 2359 945 2439 ΕΘ,
969 2359 1046 2422 ΒΔ.
1089 2357 1149 2443 καὶ

131 2462 219 2545 παρὰ
248 2457 354 2545 ῥητήν
381 2456 442 2545 τήν
466 2465 534 2526 ΒΔ
561 2460 769 2546 παρέμειναν
806 2458 889 2547 ῥητή
917 2459 983 2545 ἄρα
1011 2463 1104 2530 ἐστὶν
1127 2461 1148 2550 ἡ

134 2572 196 2630 ΕΘ
218 2564 274 2631 καὶ
298 2564 484 2651 σύμμετρος
511 2570 551 2654 τή
575 2573 644 2633 ΒΔ
671 2566 781 2653 μήκει·
823 2567 907 2635 ὥστε
933 2568 989 2636 καὶ
1017 2565 1038 2654 ἡ
1067 2569 1150 2657 σύμ-

131 2695 249 2756 μετρος
276 2666 360 2759 αὐτή
383 2668 404 2757 ή
428 2677 498 2737 ΕΚ
523 2672 606 2758 ῥητή
631 2673 699 2740 ἐστι
727 2674 783 2741 καὶ
807 2674 993 2762 σύμμετρος
1014 2678 1054 2764 τῇ
1078 2683 1149 2744 ΒΔ

132 2775 236 2863 μήκει.
283 2776 353 2844 ἐπεὶ
377 2767 441 2845 οὖν
465 2779 555 2846 ἐστιν
580 2775 624 2858 ὡς
647 2776 667 2865 ή
692 2786 755 2847 ΓΔ
777 2777 860 2867 πρὸς
884 2788 964 2868 ΔΒ,
992 2781 1102 2862 οὕτως
1127 2781 1147 2869 ή

77 2907 113 2956 25
132 2891 199 2951 ZK
229 2886 312 2970 πρὸς
339 2889 421 2970 ΚΕ,
454 2886 491 2952 αἱ
519 2883 557 2953 δὲ
580 2890 655 2971 ΓΔ,
680 2892 746 2953 ΔΒ
774 2885 917 2973 δυνάμει
945 2886 1052 2974 μόνον
1081 2889 1147 2957 εἰσὶ

205 3122 226 3170 1.
248 3117 351 3185 μείζων
370 3147 404 3156 -—
423 3121 448 3172 2.
469 3113 555 3188 ἔσται]
579 3116 609 3171 in
627 3132 679 3172 ras.
698 3115 731 3171 V.
807 3123 831 3171 1.
857 3117 924 3190 ΓΒ]
945 3121 1000 3171 ΒΓ
1016 3117 1046 3173 P.
1122 3126 1147 3174 2.

132 3183 207 3257 έστί]
227 3202 280 3242 om.
300 3186 334 3240 V.
394 3193 418 3241 3.
441 3188 504 3258 ΓΒ]
523 3192 580 3242 ΒΓ
595 3187 655 3242 PV.
719 3192 744 3242 4.
764 3184 829 3260 τήν]
850 3205 903 3243 om.
918 3189 973 3243 Bb.
1036 3195 1062 3245 ὅ.
1081 3187 1148 3262 τήν]

133 3273 188 3311 om.
207 3256 262 3311 Bb.
341 3262 393 3311 ΔΒ
416 3255 501 3312 FVb.
579 3255 657 3383 miv}
673 3276 726 3314 om.
745 3258 827 3316 BFb.
909 3257 1048 3331 γεγονέτω
1069 3291 1101 3301 -
1123 3269 1147 3316 6.

135 3329 187 3380 ΖΕ
221 3327 321 3383 om.b.
394 3335 419 3382 6.
443 3325 507 3399 τήν]
533 3328 630 3384 om.B
740 3329 809 3400 ΖΚ]
828 3335 882 3385 ΚΖ
900 3332 931 3387 B.
1004 3328 1069 3404 τήν]
1092 3349 1147 3387 om.

132 3327 214 3451 ΒΕΚι.
288 3404 312 3453 7.
331 3395 414 3470 πρός]
433 3397 478 3451 bis
493 3419 525 3466 φ.
596 3405 621 3455 8.
641 3396 691 3470 τὴν
706 3405 763 3455 ΚΕ
781 3401 843 3456 FV:
902 3398 940 3465 ὡς
958 3399 1025 3475 γάρ]
1046 3420 1101 3458 om.
1118 3404 1150 3472 P,

133 3486 217 3538 supra
236 3486 287 3524 scr.
302 3467 336 3522 V.
398 3468 467 3541 τῶν]
487 3486 541 3523 om.
556 3469 586 3526 P.
641 3467 802 3541 ἡγούμενον
822 3472 851 3529 Ρ.
913 3479 954 3529 10.
974 3469 1027 3544 τὴν
1040 3478 1099 3529 ΚΕ
1113 3475 1147 3530 V.

171 3546 211 3624 11..
236 3541 305 3612 ΔΒ]
330 3540 435 3622 ΒΔΕ,
513 3535 637 3610 τὴνΚΖ
660 3541 742 3599 BFb.
827 3547 1148 3617 12.AB]ecorr.V‚
