2474 3908
116 153 181 216 412
531 155 719 207 APPENDIX.

117 277 398 382 ἀλλήλονςείσίν.
430 297 514 383 λέγω
534 299 678 381 πρῶτον,
698 292 751 361 ὅτι
770 291 841 362 ὁΗ
857 292 918 361 οὐκ
932 298 1002 361 ἔστι
1017 293 1136 380 μονάς.

117 407 148 469 εἰ
170 402 235 489 γὰρ
260 402 417 487 δυνατόν,
442 408 524 470 ἔστω
548 401 663 489 μονάς.
708 401 764 468 καὶ
787 402 861 468 ἐπεί
881 402 971 467 ἐστιν
995 398 1082 486 ὡςὴ
1105 410 1139 467 A

117 507 200 595 πρὸς
222 507 283 594 τὴν
307 517 351 594 Β,
380 507 487 588 οὕτως
515 507 533 575 5
556 516 619 576 ΕΖ
646 506 731 593 πρὸς
757 507 816 576 τὸν
839 515 890 592 Η,
918 506 974 572 καὶ
997 504 1044 586 ὡς
1067 506 1137 595 ἄρα

116 614 153 682 τὸ
178 614 242 682 ἀπὸ
267 620 325 701 τῆς
348 625 380 681 Α
402 615 486 700 πρὸς
508 614 545 683 τὸ
571 613 636 682 ἀπὸ
660 619 718 701 τῆς
742 621 785 700 Β,
810 613 916 694 οὕτως
932 611 957 695 Ιὁ
982 612 1048 681 ἀπὸ
1072 619 1137 683 τοῦ

83 747 98 793 5
119 728 181 788 ΕΖ
208 720 292 807 πρὸς
314 719 373 789 τὸν
397 720 462 790 ἀπὸ
491 725 552 790 τοῦ
574 729 618 789 Η.
661 719 839 788 διπλάσιον
864 720 901 787 δὲ
924 719 962 787 τὸ
985 719 1052 788 ιἰτιὸ
1076 725 1137 806 τῆς

117 837 149 893 Α
171 830 232 895 τοῦ
256 825 322 894 ἀπὸ
344 833 403 915 τῆς
422 836 462 895 Β·
488 827 663 906 διπλάσιος
686 826 752 914 ἄρα
774 828 830 894 καὶ
854 826 872 894 5
896 823 961 894 ἀπὸ
984 830 1046 894 τοῦ
1071 834 1137 895 ΕΖ

117 937 179 1000 τοῦ
208 930 273 1000 ἀπὸ
301 946 363 1002 τοῦ
386 942 430 1002 Η.
474 939 534 1001 καί
558 936 627 1002 ἐστι
655 934 761 1020 μονὰς
789 931 806 1001 5
832 940 878 1000 H·
917 930 1000 1012 ὃνὰς
1024 931 1136 1021 ἅραὸ

118 1037 183 1107 ἀπὸ
209 1047 272 1106 ΕΖ
294 1041 512 1127 τετράγωνος·
544 1039 625 1129 ὅπερ
649 1041 740 1108 ἐστὶν
764 1037 945 1108 ἀδύνατον.
981 1037 1044 1107 οὐκ
1067 1038 1136 1126 ἄρα

118 1146 225 1233 μονάς
253 1148 344 1214 ἐστιν
372 1146 390 1214 5
414 1155 461 1214 Η·
499 1144 645 1235 ἆρνθμὸς
673 1145 746 1233 ἄρα.
792 1146 848 1213 καὶ
877 1148 950 1214 ἐπεί
969 1147 1061 1213 ἐστιν
1091 1143 1138 1226 ὡς

67 1278 99 1326 10
118 1252 155 1320 τὸ
180 1251 246 1321 ἀπὸ
269 1258 327 1340 τῆς
349 1262 381 1321 A
404 1253 487 1339 πρὸς
510 1253 547 1322 τὸ
571 1249 638 1321 ἀπὸ
660 1257 719 1339 τῆς
742 1261 782 1339 Β,
808 1253 915 1332 οὕτως
938 1252 957 1320 5
980 1250 1046 1320 ἀπὸ
1071 1260 1138 1320 ΕΖ

118 1358 201 1446 πρὸς
228 1359 288 1427 τὸν
316 1357 381 1429 ἀπὸ
409 1365 472 1428 τοῦ
493 1368 543 1445 Η,
575 1361 631 1427 καὶ
659 1358 827 1428 ἀνάπαλιν
856 1357 902 1438 ὦς
924 1357 961 1426 τὸ
986 1355 1052 1426 ἀπὸ
1077 1363 1139 1445 τῆς

119 1473 147 1532 Β
170 1466 253 1550 πρὸς
276 1464 314 1533 τὸ
338 1464 403 1533 ἀπὸ
426 1471 484 1553 τῆς
503 1477 545 1552 Α,
570 1465 676 1546 οὕτως
699 1465 717 1534 5
742 1464 807 1534 ἀπὸ
830 1470 891 1533 τοῦ
910 1472 949 1532 Η
967 1461 1053 1553 πρὸς
1075 1465 1137 1533 τὸν

118 1570 184 1638 ἀπὸ
208 1576 269 1639 τοῦ
290 1578 361 1657 ΕΖ,
386 1586 499 1661 μετρεῖ
520 1572 557 1641 δὲ
580 1571 617 1640 τὸ
642 1571 706 1640 ἀπὸ
730 1577 789 1660 τῆς
811 1579 839 1640 Β
863 1571 901 1640 τὸ
925 1570 990 1640 ἀπὸ
1014 1576 1074 1658 τῆς
1094 1580 1137 1658 A,

119 1691 232 1765 μετρεῖ
252 1676 317 1761 ἄρα
341 1679 396 1745 καὶ
420 1676 438 1746 5
462 1676 527 1747 ἀπὸ
548 1683 609 1747 τοῦ
628 1686 668 1746 Η
686 1679 893 1768 τετράγωνος
911 1677 971 1746 τὸν
990 1676 1056 1746 ἀπὸ
1074 1683 1138 1746 τοῦ

68 1807 100 1856 15
121 1791 196 1850 EZ·
234 1781 317 1852 ὥστε
344 1786 401 1852 καὶ
428 1782 449 1872 ἡ
478 1784 604 1872 πλευρὰ
633 1784 716 1871 αὐτὴ
746 1783 764 1853 5
786 1792 826 1852 H
844 1783 904 1853 τὸν
928 1790 991 1850 ΕΖ
1014 1797 1138 1871 μετρεῖ.

119 1904 231 1979 μετρεῖ
263 1890 301 1959 55
332 1891 388 1958 καὶ
417 1891 538 1960 ἑαυτὸν
567 1890 585 1959 5
609 1900 655 1960 Η·
698 1890 716 1959 5
740 1899 778 1959 Η
801 1890 867 1979 ἄρα
893 1890 973 1970 τοὺς
999 1897 1078 1976 ΕΖ,
1104 1895 1145 1956 Η

119 2011 233 2086 μετρεῖ
262 1998 414 2086 πρώτους
448 1997 547 2078 ὄντας
583 1997 685 2083 πρὸς4
704 1996 883 2084 ἀλλήλους·
929 1994 1010 2084 ὅπερ
1044 1978 1139 2063 ἐστὶν

121 2101 300 2171 ἀδύνατον.
331 2105 392 2172 οὐκ
411 2104 476 2193 ἄρα
496 2104 684 2192 σύμμετρός
707 2107 797 2173 ἐστιν
816 2101 837 2190 ἡ
857 2111 889 2170 Α
911 2106 952 2190 τῇ
973 2109 1001 2168 Β
1026 2101 1138 2188 μήκει·

121 2207 330 2299 ἀσύμμετρος
352 2208 418 2299 ἄρα
442 2213 545 2279 ἐστίν·
576 2209 655 2299 ὅπερ
680 2214 748 2278 ἔδει
772 2212 885 2291 δεῖξαι.

600 2428 653 2492 28.

68 2553 102 2601 20
536 2529 721 2616 Σχόλιον.

189 2631 398 2720 Εὑρημένων
426 2633 468 2721 δὴ
496 2639 564 2704 τῶν
597 2635 693 2722 μήκει
725 2633 946 2722 ἀσυμμέτρων
979 2632 1140 2721 εὐθειῶν,

122 2738 166 2819 ὡς
184 2742 252 2808 τῶν
270 2750 312 2825 Α,
332 2747 371 2821 Β,
396 2737 582 2828 εὑρίσκεται
605 2742 661 2809 καὶ
684 2740 769 2810 ἄλλα
792 2750 929 2810 πλεῖστα
951 2743 1078 2828 μεγέθη
1103 2746 1141 2810 ἐκ

123 2846 184 2914 550
201 2845 420 2932 διαστάσεων,
439 2847 523 2933 λέγω
539 2847 581 2934 δὴ
597 2849 746 2934 ἐπίπεδα,
761 2846 955 2935 ἀσύμμετρα
970 2845 1141 2935 ἀλλήλοις.

122 2950 181 3020 ἐὰν
205 2952 269 3039 γὰρ
292 2956 360 3020 τῶν
379 2962 421 3038 Α,
440 2961 468 3020 Β
493 2953 637 3022 εὐθειῶν
661 2957 765 3042 μέσην
789 2952 958 3041 ἀνάλογον
982 2952 1141 3042 λάβωμεν

69 3084 102 3132 25
122 3060 183 3146 τὴν
206 3065 245 3145 Γ,
269 3064 359 3126 ἔσται
384 3056 428 3140 ὡς
451 3057 472 3147 ἡ
496 3071 528 3127 A
550 3060 632 3146 πρὸς
654 3061 717 3148 τὴν
740 3067 779 3148 Β,
803 3059 909 3141 οὕτως
927 3060 964 3128 τὸ
989 3059 1055 3130 ἀπὸ
1079 3065 1143 3149 τῆς

194 3260 236 3309 28.
255 3254 330 3310 Post.
350 3273 390 3311 nr.
411 3261 444 3310 27
465 3254 604 3311 PBFVb.

196 3440 218 3486 1.
244 3429 300 3485 εἰσί
316 3429 406 3499 PVb,
430 3449 519 3501 comp.
539 3432 569 3486 F.
652 3427 712 3486 522⁰
732 3434 842 3501 πρῶτον
867 3433 893 3488 b.
975 3439 1000 3490 3.
1020 3427 1049 3504 5]
1069 3429 1087 3502 ἡ
1108 3434 1141 3494 Β.

159 3498 220 3573 τόν]
240 3500 291 3571 τήν
310 3501 363 3556 Fb.
437 3508 462 3556 4.
482 3499 526 3573 τό]
547 3497 562 3556 5
582 3503 611 3557 P.
687 3503 732 3576 τό]
752 3501 801 3559 τόν
821 3502 851 3557 Ρ.
924 3503 986 3574 τοῦ]
1005 3504 1057 3572 τῆς
1074 3505 1140 3563 PV.
