2474 3908
151 167 218 231 270
537 165 738 219 Σνοῑκεωα
756 161 784 219 ι’.

151 316 223 392 ΕΖ,
248 305 493 397 ἀναστρέψαντι
517 307 582 393 ἄρα
602 307 693 376 ἐστὶν
712 303 757 386 ὡς
780 303 886 374 &EA
904 307 988 390 πρὸς
1006 307 1067 374 τὸν
1087 315 1169 394 ΔΖ,

151 413 255 496 οὕτως
278 413 315 483 τὸ
340 413 405 482 ἀπὸ
428 418 487 501 τῆς
504 420 578 481 ΒΗ
594 412 677 499 πρὸς
699 416 737 481 τὸ
761 409 826 481 ἀπὸ
849 416 908 499 τῆς
928 419 964 480 Θ.
1001 411 1079 480 ὁδὶ
1098 421 1170 481 ΕΛ

149 525 232 607 πρὸς
254 523 313 588 τὸν
332 527 397 587 ΛΖ
416 519 520 605 λόγον
543 518 605 587 οὐκ
628 525 705 606 ἔχει,
730 516 771 588 ὃν
794 518 1000 606 τετράγωνος
1019 516 1170 607 ἀριθμὸς

51 658 68 681 =
149 625 231 713 πρὸς
253 625 464 712 τετράγωνον
488 624 652 714 ἀριθμόν·
679 622 754 692 οὐδ’
780 623 845 711 ἄρα
868 622 906 692 τὸ
929 621 995 692 ἀπὸ
1014 634 1072 711 τῆς
1095 632 1172 693 ΒΗ

114 760 129 807 5
148 735 230 816 πρὸς
247 731 285 800 τὸ
304 730 370 800 ἀπὸ
388 743 444 818 τῆς
463 739 491 799 Θ
509 731 613 818 λόγον
632 736 709 817 ἔχει,
734 727 774 799 ὃν
792 730 998 819 τετράγωνος
1017 731 1168 820 ἀριθμὸς

148 836 230 926 πρὸς
258 838 468 924 τετράγωνον
496 836 659 924 ἀριθμόν·
695 835 904 925 ἀσύμμετρος
932 835 997 925 ἄρα
1026 837 1118 904 ἐστὶν
1143 833 1166 923 ἡ

148 950 222 1010 ΒΗ
239 948 279 1032 τῇ
303 951 332 1011 Θ
354 944 459 1030 μήκει.
500 944 555 1010 καὶ
579 945 720 1011 δύναται
743 940 763 1030 ή
787 950 861 1011 ΒΗ
878 946 936 1029 τῆς
959 949 1031 1010 ΗΓ
1049 949 1166 1029 μεῖζον

147 1054 192 1140 τῷ
220 1048 286 1119 ἀπὸ
314 1055 371 1137 τῆς
393 1058 434 1118 Θ·
472 1047 492 1137 ή
516 1057 583 1117 ΗΒ
611 1049 678 1135 ἄρα
705 1055 763 1136 τής
786 1057 858 1117 ΗΓ
881 1056 993 1136 μεῖζον
1018 1047 1162 1116 δύναται

146 1167 192 1245 τῷ
216 1153 282 1223 ἀπὸ
306 1153 519 1243 ἀσυμμέτρου
542 1157 642 1244 ἑαυτῇ
672 1158 776 1243 μήκει.
821 1160 881 1222 καί
901 1157 992 1223 ἐστιν
1016 1151 1036 1241 ή
1060 1174 1164 1239 προσ-

96 1288 128 1336 10
148 1261 337 1347 αρμόζουσα
361 1259 381 1348 ή
406 1268 476 1329 ΓΗ
495 1260 679 1351 σύμμετρος
703 1264 742 1350 πή
767 1263 936 1349 ἐκκειμένῃ
960 1263 1042 1350 ῥητή
1067 1271 1106 1350 τή
1132 1271 1165 1329 Α

147 1367 254 1454 μήκει·
279 1365 298 1453 ἡ
323 1366 388 1457 ἄρα
412 1375 478 1436 ΒΓ
496 1365 646 1455 ἀποτομή
671 1370 742 1443 ἐστι
763 1368 901 1455 πέμπτη.

214 1473 363 1560 Εὕρηται
387 1473 453 1561 ἄρα
476 1473 496 1561 ή
521 1476 648 1561 πέμπτη
672 1471 824 1561 ἀποτομή
849 1471 870 1560 ἡ
893 1480 968 1541 ΒΓ·
993 1471 1073 1560 ὅπερ
1092 1477 1159 1541 ἔδει

34 1611 38 1617 ·
146 1581 261 1659 δεῖξαι.

633 1670 670 1739 τ’.

94 1815 126 1864 15
212 1788 363 1877 Εὑρεῖν
385 1792 457 1879 τήν
480 1793 595 1879 ἕκτην
618 1791 833 1880 ἀποτομήν.

209 1893 390 1966 Ἐκκείσθω
414 1897 496 1987 ῥητή
520 1899 540 1986 ή
565 1909 597 1967 Α
619 1900 676 1968 καὶ
698 1913 786 1987 τρεῖς
810 1897 952 1987 ἀριθμοὶ
977 1902 1013 1966 οῖ
1029 1905 1068 1985 Β,
1086 1907 1162 1983 ΒΓ,

145 2008 207 2069 ΓΔ
230 2007 332 2090 λόγον
355 2002 399 2092 μή
424 2010 554 2092 ἔχοντες
576 2005 660 2092 πρὸς
682 2004 862 2092 ἀλλήλους,
887 2002 927 2074 ὃν
950 2006 1164 2094 τετράγωνος

144 2108 289 2199 ἀριθμὸς
312 2111 396 2197 πρὸς
417 2110 629 2198 τετράγωνον
653 2109 818 2200 ἀριθμόν·
843 2116 890 2180 ἔτι
914 2110 952 2180 δὲ
974 2112 1030 2178 καὶ
1054 2108 1073 2180 ὁ
1096 2118 1163 2181 ΓΒ

143 2216 226 2302 πρὸς
245 2216 305 2285 τὸν
323 2224 391 2284 ΒΔ
409 2216 513 2303 λόγον
530 2219 574 2306 μή
594 2218 704 2304 ἐχέτω,
725 2214 765 2285 ὃν
784 2215 991 2305 τετράγωνος
1009 2215 1163 2305 ἀριθμὸς

91 2348 125 2396 νο
143 2322 226 2409 πρὸς
247 2322 459 2411 τετράγωνον
482 2322 645 2412 ἀριθμόν·
681 2323 738 2390 καὶ
765 2322 961 2410 πεποιήσθω
986 2321 1029 2403 ὡς
1053 2323 1115 2411 μὲν
1142 2324 1161 2394 ὁ

144 2437 176 2496 Β
200 2428 283 2515 πρὸς
310 2428 370 2498 τὸν
393 2437 469 2516 ΒΓ,
488 2428 609 2509 ὀὕτως
636 2432 673 2498 τὸ
698 2427 763 2498 ἀπὸ
787 2439 845 2516 τής
867 2438 900 2496 Α
923 2428 1006 2518 πρὸς
1028 2429 1065 2498 τὸ
1091 2429 1160 2501 ἀπὸ

142 2539 201 2619 τῆς
225 2542 306 2620 ΖΗ,
335 2533 379 2614 ὡς
403 2535 441 2604 δὲ
464 2532 482 2605 ὁ
505 2542 574 2603 ΒΓ
590 2535 675 2625 πρὸς
697 2535 758 2604 τὸν
782 2542 863 2622 ΓΔ,
891 2533 999 2617 οὕτως
1025 2535 1063 2605 τὸ
1089 2534 1159 2607 ἀπὸ

143 2643 200 2725 τῆς
223 2647 294 2707 ΖΗ
312 2640 395 2729 πρὸς
416 2640 454 2711 τὸ
478 2639 542 2710 ιἰπὸ
566 2646 624 2729 τῆς
646 2649 722 2710 ΗΘ.

207 2743 295 2814 Ἐπεὶ
319 2741 383 2816 οὖν
407 2752 496 2817 ἐστιν
520 2746 566 2829 ὥς
590 2746 608 2817 ὁ
632 2756 663 2815 Β
683 2746 768 2837 πρὸς
789 2746 851 2817 τὸν
873 2755 950 2832 ΒΓ,
984 2747 1090 2829 οὕτως
1118 2749 1158 2819 τὸ

89 2877 122 2927 25
142 2851 207 2922 ἀπὸ
231 2865 289 2941 τῆς
310 2863 344 2921 Α
365 2853 449 2943 πρὸς
470 2854 508 2923 τὸ
533 2851 598 2923 ἀπὸ
622 2860 681 2941 τῆς
705 2862 787 2941 ΖΗ,
816 2855 1005 2943 σύμμετρον
1028 2855 1094 2941 ἄρα
1118 2857 1158 2925 τὸ

141 2959 207 3029 ἀπὸ
236 2965 294 3047 τῆς
316 2969 349 3027 Α
375 2965 421 3052 τῷ
450 2957 515 3029 αἰπό
543 2973 601 3049 τῆς
625 2968 700 3030 ΖΗ
746 2962 849 3050 ῥητὸν
878 2962 915 3030 δὲ
942 2961 980 3030 τὸ
1008 2960 1074 3030 α’πιῖ
1097 2967 1158 3049 τής

141 3075 185 3133 Α·
211 3066 313 3152 ῥητὸν
332 3065 398 3155 ἄρα
421 3068 476 3135 καὶ
499 3069 537 3136 τὸ
560 3065 624 3136 ἀπὸ
643 3072 701 3155 τής
720 3076 799 3135 ΖΗ·
823 3067 906 3156 ῥητή
925 3067 992 3157 ἄρα
1012 3069 1080 3137 ἐστὶ
1098 3070 1158 3137 καὶ

214 3231 236 3279 1,
260 3220 471 3294 ἀναστρέψαντι
495 3257 528 3267 -
552 3233 577 3280 2.
602 3227 670 3298 ΕΔ]
695 3243 710 3281 θ
733 3245 801 3283 corr.
825 3229 856 3283 F.
936 3235 959 3284 1.
986 3223 1073 3296 ἐστίν]
1098 3243 1155 3283 om.

139 3294 222 3348 BFb.
296 3297 489 3366 EAMEP.
561 3305 587 3352 4.
611 3298 716 3353 ΗΒΕ.
787 3301 871 3425 κοή
895 3299 1002 3356 HM.
1080 3299 1155 3370 ΒΗ]

24 3419 29 3427 ,
141 3365 303 3420 HBBFV.
361 3368 467 3438 μεῖζον]
488 3384 540 3424 om.
560 3368 590 3424 P.
651 3375 676 3425 8.
696 3367 826 3437 ἅραΗΒ
873 3414 880 3426 ,
940 3372 1045 3427 ΒΗΡ.
1105 3365 1156 3425 δή·

139 3437 236 3507 ναται]
257 3453 310 3492 om.
325 3437 358 3493 V.
414 3445 439 3493 9.
458 3435 651 3512 ἀσυμμέτρου]
672 3434 701 3495 ἆ·
720 3440 749 3494 in
762 3458 815 3496 ras.
832 3443 866 3508 V,
886 3461 923 3496 m.
942 3449 958 3496 2
978 3443 1008 3497 B.
1065 3437 1154 3513 ἑαυτῇ

140 3506 262 3563 δύναται
280 3509 313 3564 V.
387 3517 429 3565 10.
448 3510 517 3566 Post
536 3515 596 3565 ΓΗ
613 3528 683 3567 eras.
702 3510 751 3565 καὶ
769 3508 802 3567 οἳ·
821 3513 854 3567 V.
918 3521 959 3568 11.
979 3509 1108 3583 ΒΓᾶρα
1127 3513 1154 3568 b.
