2474 3908
164 179 208 242 34
549 178 750 230 Σιοιεωιωω
769 174 794 230 ι’.

163 317 228 388 άιτδ
252 324 311 406 τῆς
329 327 361 386 E
376 318 587 410 τετραγώνῳ·
610 316 821 406 ἀσύμμετρος
843 316 910 406 άρα
933 319 1025 386 ἐστὶν
1047 315 1068 405 ἡ
1088 329 1120 385 Α
1142 323 1183 408 τῇ

163 434 195 494 Ε
216 423 367 511 δυυάμει.

233 534 280 620 Τῇ
300 530 365 619 άρα
384 536 584 619 προτεθείσῃ
606 529 725 622 εὐθείᾳ
743 535 783 619 τῆ
803 539 835 599 Α
853 528 1099 618 προσεύρηνται
1118 530 1184 600 δύο

163 637 294 706 εὐθεῖαι
318 635 523 726 ἀσύμμετροι
548 642 585 705 αἱ
610 647 655 724 Δ,
676 645 721 724 Ε,
754 637 850 724 μήκει
874 636 935 723 μὲν
958 635 1068 722 μόνου
1092 635 1113 724 ἡ
1138 648 1184 725 A,

127 773 142 820 ε
164 744 305 832 δυνάμει
330 745 367 814 δὲ
390 745 446 812 καὶ
469 744 565 832 μήκει
589 743 718 831 δηλαδὴ
742 742 763 831 ἡ
786 751 818 811 E
840 741 935 832 [ὅπερ
960 748 1027 812 ἔδει
1052 746 1183 830 δεῖξαι].

646 950 699 990 ια.

225 1045 315 1115 Ἐάν
351 1049 523 1136 τέσσαρα
559 1047 708 1134 μεγέθη
741 1044 944 1132 άυάλογου
977 1037 1019 1134 ᾖ,
1056 1045 1097 1114 τὸ
1138 1045 1183 1115 δὲ

161 1159 317 1243 πρῶτον
346 1159 395 1248 τῳ
421 1154 589 1244 δευτέρῳ
619 1154 844 1241 σι’μμετρου
872 1144 910 1240 ᾖ,
937 1151 1002 1218 καὶ
1025 1150 1068 1220 τδ
1097 1159 1180 1238 τρί-

160 1286 229 1328 τον
243 1264 293 1352 τῳ
308 1259 477 1351 τετάρτῳ
493 1259 721 1346 σύμμετρον
736 1264 858 1327 ἔσται·
877 1253 950 1325 κάν
964 1256 1008 1326 τὸ
1022 1264 1182 1347 πρῶτον

109 1392 143 1440 10
162 1371 212 1458 τῳ
237 1367 410 1457 δευτέρῳ
435 1364 688 1452 ἀσύμμετρον
715 1357 751 1454 ᾖ,
789 1366 854 1433 καὶ
880 1363 923 1433 τδ
958 1372 1095 1455 τρίτου
1128 1369 1179 1456 τῳ

160 1473 330 1563 τετάρτῳ
354 1468 608 1560 άσάμμετρου
632 1477 751 1540 ἔσται.

216 1577 394 1645 Ἔστωσαν
407 1579 550 1666 τέσσαρα
569 1579 695 1666 μεγέθη
717 1576 889 1666 άυάλογου
908 1579 948 1648 τά
967 1588 1010 1666 Α,
1026 1587 1065 1664 Β,
1079 1585 1119 1665 Γ,
1134 1588 1180 1665 A,

161 1683 206 1766 ὡς
227 1683 266 1753 τδ
290 1693 323 1752 Α
344 1682 428 1773 πρὸς
450 1683 488 1752 τὸ
511 1692 550 1767 Β,
569 1683 676 1765 οὕτως
697 1685 735 1754 τὸ
756 1693 789 1755 Γ
806 1686 890 1775 πρὸς
907 1686 945 1755 τὸ
966 1696 1010 1773 Δ,
1033 1684 1070 1754 τὸ
1091 1694 1124 1753 Α
1143 1685 1180 1753 δὲ

160 1796 205 1883 τῳ
224 1800 253 1859 Β
273 1790 463 1879 σύμμετρον
483 1795 580 1859 ἔστω·
609 1793 706 1879 λέγω,
731 1791 782 1861 ὅτι
801 1792 912 1862 καὶτὸ
932 1801 963 1861 Γ
978 1797 1024 1885 τῳ
1045 1801 1078 1859 A
1097 1791 1181 1878 σάμ-

108 1923 142 1972 15
161 1925 283 1987 μετρου
307 1903 407 1966 ἔσται.
775 1901 780 1910 ’

223 2003 312 2073 Ἐπεὶ
335 2003 399 2092 γάρ
424 2004 614 2095 σύμμετρόν
639 2004 707 2074 ἐστι
734 2006 772 2074 τδ
796 2016 829 2073 A
856 2009 901 2097 τῳ
924 2014 969 2091 Β,
997 2004 1034 2073 τὸ
1058 2016 1090 2072 Α
1114 2003 1180 2092 άρα

159 2113 242 2200 πρὸς
260 2111 298 2181 τὸ
317 2119 346 2180 Β
364 2113 468 2200 λόγου
492 2118 569 2200 ἔχει,
593 2109 635 2181 δυ
659 2109 805 2201 άριθμὸς
823 2110 907 2201 πρὸς
925 2111 1083 2201 άριθμόυ.
1123 2118 1184 2179 καί

159 2220 249 2288 ἐστιν
277 2217 323 2298 ὡς
349 2218 388 2288 τὸ
413 2231 445 2287 Α
467 2218 552 2307 πρὸς
578 2218 616 2288 τὸ
640 2228 684 2303 Β,
719 2221 825 2299 οὕτως
852 2218 889 2287 τδ
913 2224 946 2286 Γ
964 2217 1047 2307 πρὸς
1070 2217 1108 2287 τὸ
1131 2228 1179 2285 A·

158 2327 214 2392 καὶ
237 2324 275 2394 τὸ
300 2331 332 2393 Γ
347 2327 413 2413 άρα
432 2325 515 2414 τιρδς
533 2324 571 2393 τὸ
591 2335 625 2392 A
643 2326 748 2414 λόγου
767 2331 844 2414 ἔχει,
869 2323 910 2394 δυ
929 2322 1076 2414 ἀριθμὸς
1094 2325 1181 2414 πρὸς

106 2455 140 2503 20
159 2429 322 2517 άριθμόυ·
350 2430 541 2519 σύμμετρον
565 2430 630 2520 άρα
654 2433 721 2501 ἐστὶ
745 2434 783 2501 τὸ
807 2439 839 2501 Γ
859 2437 905 2525 τῳ
930 2442 971 2499 A.

223 2536 321 2606 Ἀλλὰ
345 2537 386 2624 δὴ
411 2536 448 2605 τὸ
468 2546 500 2605 Α
518 2541 563 2630 τῳ
583 2547 612 2606 Β
632 2537 846 2628 άσάμμετρου
870 2545 966 2607 ἔστω·
1005 2541 1101 2626 λέγω,
1127 2538 1179 2608 ὅτι

158 2645 215 2712 καὶ
243 2642 281 2712 τὸ
305 2650 338 2712 Γ
360 2649 406 2736 τῳ
432 2652 465 2711 A
488 2642 702 2733 ἀσύμμετρον
726 2651 827 2714 ἔσται.
885 2646 953 2714 ἐπεὶ
979 2643 1044 2735 γάρ
1073 2644 1179 2733 άσύμ-

157 2751 280 2840 μετρόυ
304 2754 372 2819 ἐστι
395 2748 433 2819 τδ
458 2760 488 2818 Α
512 2756 557 2844 τῳ
577 2759 617 2837 Β,
640 2751 678 2820 τὸ
703 2761 735 2820 Α
758 2751 825 2842 άρα
850 2751 934 2841 πρὸς
957 2751 995 2820 τὸ
1019 2759 1048 2818 Β
1072 2751 1179 2839 λόγου

158 2855 221 2926 οιίι
249 2862 329 2945 ἔχει,
363 2853 404 2925 δυ
432 2854 579 2946 ἀριθμὸς
606 2856 691 2945 τιρδς
719 2855 879 2946 άριθμόυ.
929 2863 988 2925 καί
1014 2860 1105 2926 ἐστιν
1134 2857 1181 2939 ὡς

231 3043 255 3090 3.
280 3037 467 3107 προστεθείσῃ
491 3035 543 3091 Pb.
619 3032 830 3104 προσηύρηυται
852 3036 935 3091 BFb.
1007 3044 1031 3092 4.
1051 3033 1083 3110 ἡ]
1108 3053 1179 3097 corr,

158 3123 191 3161 ex
210 3107 242 3178 τῇ
262 3107 293 3160 Β.
358 3107 427 3162 Post
445 3113 471 3161 A
489 3107 553 3162 add.
573 3107 663 3162 ααίΒ
683 3110 712 3162 et
730 3108 760 3173 F,
780 3108 828 3162 sed
853 3108 907 3163 del.
981 3114 1006 3164 ὅ.
1027 3103 1097 3178 ὅπερ
1118 3106 1180 3164 ἔδει

157 3178 263 3249 δεῖξαι]
283 3195 337 3233 om.
356 3177 467 3232 PBFb.
520 3179 582 3248 Seq.
599 3178 736 3233 scholium
750 3178 780 3232 in
794 3179 905 3248 PBFb,
924 3197 953 3234 u.
966 3197 1030 3250 app.
1081 3185 1105 3236 6.
1126 3177 1180 3253 ια’]

159 3265 229 3328 ερει,
249 3265 283 3303 ex
302 3246 376 3335 2:113.
395 3266 450 3304 ree.
470 3249 501 3317 P,
521 3266 554 3304 ex
573 3246 609 3318 ιγ’
629 3250 662 3304 V.
731 3255 755 3304 8.
763 3251 940 3375 319&va
959 3252 990 3319 Ρ,
1000 3254 1039 3334 ,αθ
1058 3251 1098 3305 sic
1115 3269 1177 3333 pae-

158 3337 229 3444 pui}
253 3320 610 3445 υἱιδάάεροῗῗιῖὲι
626 3320 781 3463 {Q}
799 3322 870 3462 <2153
885 3325 1177 3463 εεξῖἓάέξδδθμῗέ·

158 3461 193 3531 Β]
215 3479 284 3516 corr.
305 3461 519 3516 exAm.1F.
589 3467 630 3517 18.
650 3459 681 3516 τὸ
700 3461 734 3535 Α]
754 3480 824 3518 corr.
844 3461 1006 3520 exssAV.
1071 3469 1114 3519 20.
1136 3465 1178 3534 Γ]

156 3533 185 3586 in
208 3549 262 3586 ras.
282 3531 315 3587 V.
376 3538 418 3587 21.
439 3527 483 3588 ὅτι
502 3527 680 3604 ἀσύμμετρόν
700 3529 825 3589 ἐστικαὶ
844 3532 875 3588 τδ
897 3537 976 3610 Γτῷ
996 3542 1022 3590 A
1041 3535 1073 3590 V.
1134 3539 1178 3589 22.
