2474 3908
166 176 233 241 290
554 174 755 228 Σνοιαοιιιιι
774 171 802 230 ι’.
898 201 901 204 «

167 327 243 387 ἴσον
258 319 326 387 ἐστὶ
341 321 386 409 τῷ
404 324 489 385 ΜΝ.
521 314 605 384 ἀλλὰ
621 314 658 384 τὸ
678 314 739 402 μὲν
759 321 843 383 ΜΝ
858 323 934 384 ἴσον
954 318 1022 385 ἐστὶ
1043 320 1091 408 τῷ
1112 321 1188 404 ΛΞ,

165 424 203 492 τὸ
229 424 266 493 δὲ
291 431 360 493 ΕΚ
378 431 453 491 ἴσον
474 423 571 507 [ἐστὶ]
595 427 641 514 τῷ
662 429 740 490 ΔΘ·
777 423 833 490 καὶ
857 423 939 491 ὅλον
962 421 1028 511 ἄρα
1050 423 1090 492 τὸ
1115 431 1191 492 ΔΚ

167 539 242 599 ἴσον
267 531 336 599 ἐστὶ
359 534 404 623 τῷ
432 537 537 598 ΤΦΧ
556 528 707 616 γνώμονι
730 529 785 597 καὶ
808 533 854 623 τῷ
876 531 949 606 ΝΞ.
984 535 1052 597 ἔστι
1073 531 1112 598 δὲ
1131 532 1188 599 καὶ

165 636 203 706 τὸ
229 644 302 705 ΑΚ
323 645 399 706 ἴσον
422 649 492 716 τοῖς
515 643 602 721 ΛΜ,
623 639 702 712 ΝΞ·
726 636 846 705 λοιπὸν
869 634 935 725 ἄρα
958 635 996 705 τὸ
1020 644 1088 705 AB
1108 645 1188 706 ἴσον

130 742 236 821 χέστὶ
264 746 309 834 τῷ
333 750 415 829 ΣΤ,
447 743 596 811 τουτέστι
624 746 669 834 τῷ
698 738 763 810 ἀπὸ
792 746 851 829 τῆς
873 749 945 810 ΛΝ
972 743 1187 837 τετραγώνῳ·

166 846 287 935 ἡΛΝ
307 847 372 938 ἄρα
397 848 539 917 δύναται
562 847 600 916 τὸ
625 855 691 916 ΑΒ
714 853 847 935 χωρίον.

233 957 342 1042 Λέγω,
366 953 417 1025 ὅτι
441 953 461 1043 ἡ
485 962 516 1021 Λ
522 961 561 1023 Ν
580 956 682 1042 μέσης
704 950 856 1041 ἀποτομή
881 956 949 1022 ἐστι
974 957 1124 1044 δευτέρα.

229 1059 319 1132 Ἐπεὶ
344 1065 407 1150 γὰρ
432 1063 515 1148 μέσα
540 1063 674 1148 ἐδείχθη
698 1059 738 1128 τὰ
759 1067 825 1146 ΑΙ,
845 1067 912 1128 ΖΚ
933 1064 992 1129 κατ’
1012 1063 1103 1131 ἐστιν
1129 1071 1190 1131 ἴσα

165 1183 236 1250 τοῖς
259 1167 325 1237 ἀπὸ
344 1173 412 1238 τῶν
435 1175 512 1253 ΛΟ,
537 1175 615 1253 ΟΝ,
639 1167 743 1254 μέσον
766 1164 832 1252 ἄρα
855 1167 911 1235 καὶ
935 1167 1092 1257 ἑκάτερον
1117 1173 1189 1237 τοῖν

112 1305 147 1353 10
166 1273 232 1343 ἄιτό
255 1279 323 1344 τῶν
347 1282 424 1360 ΛΟ,
449 1280 530 1341 ΟΝ·
558 1275 641 1361 μέση
666 1271 731 1362 ἄρα
755 1275 891 1362 ἑκατέρα
914 1278 982 1342 τῶν
1005 1282 1083 1361 ΛΟ,
1108 1282 1188 1344 ΟΝ.

165 1382 221 1449 καὶ
237 1383 306 1450 ἐπεὶ
326 1381 516 1469 σύμμετρόν
536 1383 604 1448 ἐστι
623 1378 661 1448 τὸ
679 1386 740 1447 ΑΙ
754 1384 800 1472 τῷ
816 1387 892 1466 ΖΚ,
912 1380 1103 1469 σύμμετρον
1119 1381 1186 1467 ἄρα

165 1488 221 1554 καὶ
248 1490 286 1554 τδ
315 1485 380 1554 ἀπὸ
408 1490 465 1573 τῆς
492 1493 560 1553 ΛΟ
587 1490 633 1578 τῷ
662 1483 728 1554 ἀπὸ
758 1490 816 1572 τῆς
841 1494 916 1557 ΟΝ.
962 1487 1080 1573 πάλιν,
1114 1489 1187 1556 ἐπεὶ

165 1590 381 1678 ἀσύμμετρον
405 1594 541 1679 ἐδείχθη
564 1591 602 1661 τὸ
627 1600 686 1660 ΑΙ
705 1597 750 1684 τῷ
776 1599 858 1679 ΕΚ,
881 1590 1093 1680 ἀσύμμετρον
1119 1593 1187 1683 ἄρα

167 1699 236 1766 ἐστὶ
258 1698 313 1765 καὶ
337 1696 374 1765 τὸ
398 1704 478 1765 ΛΜ
501 1702 546 1792 τῷ
571 1704 665 1786 ΜΝ,
695 1700 845 1768 τουτέστι
872 1697 909 1767 τὸ
940 1697 1005 1768 ἀπὸ
1032 1702 1092 1785 τῆς
1119 1706 1188 1768 ΛΟ

113 1836 148 1884 15
166 1808 211 1897 τῷ
235 1801 301 1873 ὑιιδ
324 1809 393 1874 τῶν
416 1812 498 1890 ΛΟ,
523 1807 602 1874 ON·
641 1803 724 1874 ὥστε
752 1807 808 1873 καὶ
835 1803 855 1893 ἡ
880 1813 946 1873 ΛΟ
975 1804 1188 1895 ἀσύμμετρός

166 1913 234 1980 ἐστι
258 1911 355 1999 μήκει
378 1915 417 2002 τῇ
442 1919 524 1980 ΟΝ·
562 1914 599 1979 αἱ
621 1919 701 1998 ΛΟ,
727 1919 796 1980 ΟΝ
822 1910 888 2001 ἄρα
916 1914 1012 2000 μέσαι
1036 1915 1101 1981 εἰσὶ
1128 1920 1188 1984 δυ·

167 2018 264 2106 νάμει
287 2018 395 2106 μένον
419 2017 610 2107 σύμμετροι.

234 2127 329 2213 Λέγω
353 2125 407 2212 δή,
431 2123 483 2194 ὅτι
505 2126 561 2192 καὶ
584 2126 687 2212 μέσον
708 2125 930 2212 περιέχουσιν.

230 2230 318 2302 Ἐπεὶ
351 2231 417 2320 γὰρ
448 2234 551 2318 μέσον
579 2233 716 2318 ἐδείχθη
744 2228 783 2299 τὸ
807 2237 876 2298 ΕΚ
901 2239 960 2299 καί
985 2234 1076 2300 ἐστιν
1106 2241 1186 2302 ἴσον

112 2367 148 2416 20
166 2343 211 2430 τῷ
240 2337 306 2407 ὑπὸ
335 2341 403 2406 τοῖν
431 2344 510 2424 ΛΟ,
535 2343 618 2423 ΟΝ,
651 2340 754 2424 μέσον
782 2336 848 2425 ἄρα
876 2338 945 2406 ἐστὶ
972 2337 1027 2405 καὶ
1052 2337 1090 2407 τὸ
1115 2336 1185 2408 ὑπὸ

165 2449 232 2512 τῶν
256 2452 332 2529 ΛΟ,
358 2450 437 2511 ON·
471 2443 556 2512 ὥστε
579 2446 617 2510 αἱ
637 2451 714 2529 ΛΟ,
739 2451 810 2511 ΟΝ
830 2445 928 2530 μέσαι
951 2444 1015 2511 εέσὶ
1039 2444 1188 2532 δυνάμει

166 2551 273 2636 μόνον
293 2552 475 2638 σύμμετροι
494 2551 596 2637 μέσον
615 2552 837 2639 περιέχουσαι.
866 2548 887 2638 ἡ
907 2558 982 2618 ΛΝ
996 2549 1061 2639 ἄρα
1081 2553 1188 2638 μέσης

165 2653 316 2744 ἀποτομή
340 2658 409 2725 ἐστι
433 2658 586 2745 δευτέρα·
609 2658 665 2725 καὶ
689 2656 828 2725 δύναται
852 2655 890 2724 τὸ
915 2663 980 2724 ΑΒ
1004 2662 1140 2744 χωρίον.

226 2760 273 2830 Ἡ
296 2760 361 2851 ἄρα
388 2761 425 2831 τὸ
454 2770 520 2831 ΑΒ
552 2769 678 2852 χωρίον
702 2763 872 2850 δυναμένη
901 2763 1003 2850 μέσης
1030 2761 1186 2852 ἀποτομή

110 2898 145 2948 25
165 2873 234 2939 ἐστι
258 2871 409 2960 δευτέρα·
434 2868 514 2959 ὅπερ
538 2873 606 2937 ἔδει
630 2871 742 2951 δεῖξαι.

238 3054 261 3103 1.
281 3046 326 3119 τό]
346 3065 415 3105 corr.
436 3066 469 3105 ex
487 3049 525 3123 τῷ
544 3067 581 3106 m.
599 3063 656 3104 ree.
675 3047 705 3103 P.
760 3047 811 3122 τῷ]
831 3064 901 3104 corr.
920 3065 954 3104 ex
972 3043 1005 3102 τό
1022 3063 1059 3101 m.
1075 3063 1133 3104 rec.
1153 3048 1185 3104 P.

199 3125 224 3174 2.
243 3120 315 3190 ΛΞ]
335 3122 390 3181 ΑΞ
406 3122 437 3176 Ρ.
492 3117 537 3192 τό]
558 3136 628 3176 corr.
644 3137 677 3176 ex
695 3119 733 3174 τῶ
752 3137 789 3177 m.
803 3134 858 3174 ree.
873 3119 903 3174 P.
978 3117 1053 3190 ἐστί]
1074 3118 1105 3188 Ρ,
1127 3135 1183 3174 om.

163 3188 279 3270 BEVb.
334 3191 385 3262 τῶ]
406 3209 475 3247 corr.
490 3208 524 3245 ex
540 3186 571 3245 τό
590 3208 626 3244 m.
641 3208 696 3247 rec.
710 3172 741 3245 P.
796 3188 864 3245 Post
878 3197 903 3245 A
910 3192 935 3246 Θ
952 3189 983 3245 in
1000 3191 1019 3245 b
1039 3189 1105 3260 adp.
1122 3212 1187 3261 ιω,

165 3260 266 3315 demde
285 3245 408 3330 spatium
429 3269 443 3316 1
463 3260 512 3316 lin.
531 3263 622 3317 uacat.
677 3268 702 3317 3.
723 3261 800 3332 ΝΞ]
819 3263 887 3318 mut.
902 3261 933 3316 in
951 3264 1007 3316 ΝΖ
1026 3279 1063 3315 m.
1078 3277 1135 3317 rec.
1151 3263 1183 3318 B.

200 3335 226 3386 4.
245 3331 319 3402 ἴσον]
339 3331 438 3403 (prius)
462 3351 498 3387 m.
518 3338 533 3386 2
553 3331 614 3386 FV.
687 3337 712 3387 5.
736 3332 815 3456 AN&
834 3337 900 3387 ΛΜ
913 3333 948 3400 Ρ;
972 3333 1033 3386 ΑΝ
1048 3331 1084 3399 F,
1112 3350 1184 3390 corr.

163 3418 200 3458 m.
220 3407 246 3458 2.
303 3408 326 3460 6.
346 3403 554 3476 ΛΝ]Λοταε.
569 3402 602 3458 V.
660 3409 683 3457 7.
703 3401 774 3474 μέση
821 3402 905 3460 FVb.
962 3399 1082 3458 έστινΡ.
1142 3411 1184 3461 11.

163 3469 723 3616 σύδέξέῗῖδ(ἓέδῶδμδῗὲδέρι
747 3480 781 3601 τέ
784 3480 824 3600 2'1
834 3475 895 3600 δέ]
919 3475 1129 3616 ⁰⁰¹5÷23¹0353
1151 3477 1185 3602 δέ
