2474 3908
146 169 211 233 292
533 171 733 223 ΣΤΟΙΧΕΙΩΝ
752 170 780 226 ι’.

623 311 686 380 w

211 434 297 502 Ἐάν
316 439 463 521 χωρίον
482 436 713 522 περιέχηται
736 433 811 503 ὑπὸ
837 438 956 524 ῥητῆς
978 436 1046 503 καὶ
1072 434 1172 504 ἀπο-

146 546 268 627 τομῆς
286 540 488 628 τετάρτης,
508 537 586 627 ήτδ
602 548 751 628 χωρίον
767 543 969 629 δυναμένη
986 541 1172 611 ἐλάσσων

147 650 264 716 ἐστίν.

111 776 127 824 5
213 759 349 839 Χωρίον
380 754 447 841 γὰρ
479 753 516 821 τὸ
549 761 613 821 AB
646 756 851 841 περιεχέσθω
881 751 947 821 ὑπὸ
978 755 1082 840 ῥητῆς
1109 759 1171 841 τῆς

146 867 214 927 ΑΓ
233 858 289 927 καὶ
308 857 478 946 ἀποτομῆς
500 861 657 948 τετάρτης
678 865 738 946 τῆς
761 868 843 928 ΑΔ·
880 861 978 945 λέγω,
1005 858 1056 928 ὅτι
1082 859 1103 947 ἡ
1128 860 1167 930 τδ

145 974 210 1034 ΑΒ
234 972 359 1054 χωρίον
383 968 555 1053 δυναμένη
580 966 733 1035 ἐλάσσων
757 969 858 1035 ἐστίν.

203 1072 312 1140 Ἔστω
335 1072 400 1159 γὰρ
423 1077 462 1161 τῇ
487 1082 557 1140 ΛΔ
580 1072 862 1161 προσαρμόζουσα
885 1070 906 1160 ἡ
930 1080 1015 1140 ΔΗ·
1039 1077 1079 1140 αί
1099 1072 1170 1161 ἀρα

146 1187 228 1266 ΑΗ,
249 1186 321 1247 ΗΔ
346 1182 445 1267 ῥηταί
466 1184 529 1247 είσι
553 1179 695 1265 δυνάμει
718 1179 827 1265 μόνον
850 1178 1044 1267 σύμμετροι,
1068 1179 1169 1267 καλή

95 1309 128 1357 10
148 1294 220 1354 ΑΗ
242 1282 429 1374 σύμμετρός
452 1288 521 1354 ἐστι
544 1289 584 1374 τή
609 1287 779 1373 ἐκκειμένη
804 1287 886 1374 ῥητή
909 1289 950 1374 τῇ
970 1291 1040 1354 ΑΓ
1056 1285 1169 1373 μήκει,

145 1390 166 1479 ή
192 1392 229 1460 δὲ
253 1390 314 1477 ὅλη
339 1391 359 1478 ή
384 1400 456 1460 ΑΗ
478 1396 537 1478 τής
558 1391 856 1480 προσαρμοζούσης
878 1396 937 1477 τής
955 1399 1034 1459 ΔΗ
1052 1399 1168 1478 μεῖζον

146 1496 288 1564 δύναται
315 1501 360 1588 τῷ
388 1495 454 1565 ἀπὸ
487 1494 701 1583 ἀσυμμέτρου
730 1499 830 1587 ἑαυτῇ
855 1497 960 1584 μήκει.
1007 1498 1077 1566 ἐπεὶ
1101 1490 1168 1566 οὖν

146 1601 167 1688 ή
191 1609 267 1669 ΑΗ
292 1613 351 1688 τῆς
374 1609 446 1669 ΗΔ
473 1609 586 1689 μεῖζον
616 1600 758 1670 δύναται
785 1607 831 1696 τῷ
861 1601 928 1672 ἀπὸ
951 1600 1168 1691 ἀσυμμέτρου

147 1711 247 1797 ἑαυτῇ
272 1708 384 1795 μήκει,
408 1709 468 1776 ἐάν
492 1705 557 1795 ἀρα
580 1711 625 1799 τῷ
649 1707 793 1801 τετάρτω
817 1711 909 1798 μέρει
932 1713 992 1777 τοῦ
1017 1707 1083 1778 ἀπὸ
1106 1715 1168 1797 τής

95 1837 127 1887 15
148 1821 225 1881 ΔΗ
250 1822 326 1882 ίσον
353 1812 443 1902 παρὰ
471 1813 533 1900 τήν
561 1822 639 1882 ΑΗ
662 1820 863 1904 παραβληθῇ
897 1818 1049 1884 ἐλλεῖπον
1083 1821 1168 1885 εῖδει

146 1919 358 2012 τετραγώνῳ,
391 1925 439 1999 είς
466 1919 659 2009 ἀσύμμετρα
687 1919 794 2008 αὐτὴν
827 1925 938 1990 διελεῖ.
987 1921 1168 2009 τετμήσθω

147 2020 344 2114 οὖνήΔΗ
358 2031 435 2114 δίχα
457 2025 540 2094 κατὰ
562 2025 600 2094 τὸ
622 2034 661 2112 Ε,
685 2027 741 2094 καὶ
764 2031 809 2118 τῷ
834 2025 900 2095 ἀπὸ
925 2032 984 2116 τῆς
1001 2035 1075 2096 ΕΗ
1089 2038 1168 2097 ίσον

145 2131 235 2220 παρὰ
249 2132 313 2220 τήν
327 2143 359 2200 Α
364 2139 403 2199 Η
411 2132 679 2219 παραβεβλήσθω
695 2135 848 2201 ἐλλεῖπον
863 2138 945 2201 εῖδει
954 2133 1168 2226 τετραγώνῳ,

146 2241 201 2308 καὶ
225 2245 308 2308 έστω
332 2238 370 2307 τὸ
393 2238 459 2307 ὑπὸ
481 2251 549 2308 τῶν
569 2248 643 2325 ΑΖ,
665 2247 747 2307 ΖΗ·
771 2236 982 2327 ἀσύμμετρος
1004 2239 1070 2327 ἀρα
1094 2242 1167 2308 ἐστὶ

93 2371 127 2420 20
146 2346 242 2434 μήκει
265 2344 286 2433 ή
306 2353 371 2413 ΑΖ
393 2350 432 2434 τῇ
454 2353 528 2414 ΖΗ.
565 2344 728 2433 ήχθωσαν
753 2338 817 2414 οὖν
840 2349 895 2414 διὰ
919 2349 988 2414 τῶν
1013 2355 1052 2433 Ε,
1073 2354 1112 2433 Ζ,
1134 2354 1173 2414 Η

146 2453 353 2539 παράλληλοι
376 2466 449 2531 ταῖς
471 2460 546 2537 ΑΓ,
564 2460 630 2520 ΒΛ
654 2455 691 2520 αι
709 2460 781 2538 νο,
804 2460 867 2538 21,
887 2459 967 2522 HK.
1004 2453 1075 2521 ἐκεῖ
1101 2446 1168 2520 οὖν

147 2559 230 2647 ῥητή
254 2562 345 2627 ἐστιν
367 2558 388 2645 ἡ
409 2566 484 2626 ΑΗ
501 2560 557 2627 καὶ
577 2558 763 2648 σύμμετρος
780 2564 819 2649 τῇ
840 2566 910 2628 ΑΓ
929 2558 1036 2646 μήκει,
1060 2558 1169 2647 ῥητὸν

147 2663 212 2753 ἀρα
235 2665 326 2733 ἐστὶν
350 2662 431 2732 ὅλον
449 2661 487 2732 τὸ
508 2671 584 2732 ΑΚ.
621 2664 733 2754 πάλιν,
757 2666 826 2734 ἐπεὶ
845 2664 1056 2754 ἀσύμμετρός
1075 2669 1169 2735 ἐστιν

146 2769 167 2858 ή
189 2779 261 2840 ΔΗ
277 2775 317 2860 τῇ
337 2777 404 2838 ΑΓ
420 2771 527 2858 μήκει,
547 2777 605 2838 καί
622 2776 707 2840 εἰσιν
726 2770 913 2861 ἀμφότεραι
932 2774 1041 2859 ῥηταί,
1061 2773 1168 2859 μέσον

94 2903 129 2952 25
148 2879 214 2968 ἀρα
233 2878 302 2946 ἐστὶ
320 2877 358 2947 τὸ
374 2887 407 2945 Δ
413 2885 454 2947 Κ.
491 2877 601 2963 πάλιν,
625 2877 695 2945 ἐπεὶ
719 2876 932 2964 ἀσύμμετρός
950 2881 1041 2947 ἐστιν
1060 2877 1080 2967 ή
1102 2890 1135 2947 Α
1141 2888 1169 2947 Ζ

146 2992 186 3076 τή
212 2995 283 3055 ΖΗ
275 2986 418 3122 μήκει,
450 2983 662 3072 ἀσύμμετρον
690 2981 755 3071 ἀρα
782 2984 837 3051 καὶ
866 2982 903 3051 τὸ
929 2991 989 3051 ΑΙ
1014 2988 1060 3078 τῷ
1090 2992 1169 3054 ΖΚ.

148 3117 612 3231 2.τετάρτηςάποτομήςλ7
686 3156 794 3216 4.ἐοτί
809 3161 876 3231 BV,
901 3177 991 3230 comp
1010 3160 1066 3215 Fb
1143 3169 1170 3220 5.

149 3230 201 3302 ρη
203 3253 236 3302 ης
253 3234 315 3303 της]
336 3250 408 3289 corr.
428 3249 462 3286 ex
479 3248 581 3318 τηςιω
602 3232 670 3299 2Β,
690 3227 828 3301 δηήτςλί.
903 3238 928 3286 6
947 3233 1017 3304 ΑΔ]
1038 3238 1122 3287 ΑΒΔ
1141 3235 1169 3303 b,

149 3303 222 3357 Am
240 3319 294 3357 ras
313 3320 351 3358 m
372 3302 438 3358 1B.
512 3298 544 3373 ἡ]
564 3320 719 3372 suprascr
738 3303 768 3360 P.
843 3310 867 3360 7.
887 3303 954 3374 AB]
975 3319 1029 3358 om.
1050 3305 1112 3375 Bb,
1132 3325 1169 3363 m.

148 3348 1169 3462 ννοωωωηωηηοιωωΜν.

116 3451 119 3455 ’
185 3452 226 3503 12.
252 3444 452 3532 δνναμὲνηΡ.
530 3443 748 3530 σνμμέτρονΒ,
773 3463 843 3501 corr.
862 3464 900 3503 m.
920 3452 945 3501 2.
1026 3452 1068 3502 15.
1092 3449 1168 3522 ἴσον]

150 3516 283 3586 αέσ.ονφ
359 3522 400 3572 16.
420 3511 648 3587 ἀσήμμετρονΡ,
668 3513 859 3588 ου’μμετραλι.
921 3518 1015 3571 διελεῖ
1000 3514 1170 3588 ιμήκειλ.
