2474 3908
160 185 225 252 316
547 189 748 240 ΣΤοιΧΕιιεΝ
767 184 794 241 ι’.

160 338 244 416 ΑΗ,
269 336 351 415 ΗΒ,
379 335 424 422 τῳ
449 329 486 397 δὲ
509 326 574 397 ὑπο
598 331 666 397 τῶν
685 336 767 416 ΑΗ,
790 336 859 397 ΗΒ
882 328 918 398 τὸ
945 328 998 408 ὃλς
1021 325 1091 396 ὑπὸ
1116 333 1184 397 τῶν

160 443 241 522 ΑΗ,
256 443 295 504 Η
296 443 324 507 Β
330 455 337 469 ·
365 432 560 522 ἀσύμμετρα
584 433 650 520 ἄρα
673 436 742 502 ἐστὶ
764 433 805 503 τὰ
830 432 895 503 ἀπὸ
918 438 987 503 τῶν
1012 444 1044 502 Α
1049 441 1099 520 Η,
1114 442 1183 504 ΗΒ

159 547 205 634 τῷ
230 541 283 621 ὃλς
304 539 371 609 ὑπὸ
399 545 467 610 τῶν
495 548 582 628 ΑΗ,
607 548 683 609 ΗΒ.
729 539 812 609 ἀλλὰ
841 553 911 620 τοῖς
932 539 995 627 μὲν
1020 539 1089 608 ἀπὸ
1114 546 1183 610 τῶν

58 682 61 687 ·
161 655 238 733 ΑΗ,
257 655 325 716 ΗΒ
349 656 425 716 ἴσον
449 649 517 717 ἐστὶ
540 647 576 716 τὸ
602 653 681 734 ΓΛ,
705 652 750 739 τῷ
775 647 812 715 δὲ
836 648 888 726 δὶς
910 644 976 714 ὑπὸ
1001 649 1072 715 τῶν
1097 655 1184 734 ΑΗ,

125 761 227 826 οΗΒ
252 764 328 824 ἴσον
351 756 420 824 ἐστὶ
438 752 476 823 τὸ
500 761 577 823 ΖΛ’
619 751 832 842 ἀσύμμετρον
860 752 925 840 ἄρα
954 754 1023 822 ἐστὶ
1051 753 1092 822 τὸ
1117 761 1184 823 ΓΛ

160 864 205 952 τῷ
230 868 303 930 ΖΛ.
349 859 394 942 ὥς
421 860 458 929 δὲ
485 859 523 930 τὸ
546 866 612 928 ΓΛ
634 859 717 949 πρὸς
740 863 777 929 τὸ
801 867 880 947 ΖΛ,
910 861 1018 939 οὕτως
1040 856 1138 928 ἐστὶν
1162 858 1183 948 ἡ

161 973 238 1035 ΓΜ
255 971 339 1054 πρὸς
361 967 423 1053 τὴν
447 973 531 1034 ΖΜ·
564 965 773 1054 ἀσύμμετρος
795 965 862 1051 ἄρα
881 962 972 1034 ἐστὶν
995 965 1017 1052 ἡ
1043 972 1123 1034 ΓΜ
1142 977 1184 1057 τῇ

162 1080 239 1142 ΖΜ
256 1076 360 1161 μήκει.
404 1079 463 1140 καί
483 1077 568 1141 εἰσιν
587 1071 773 1160 ἀμφότεραι
798 1075 907 1160 §mab
945 1074 982 1138 αλ
1004 1071 1072 1159 ἄρα
1096 1079 1184 1161 ΓΜ,

162 1187 233 1247 ΜΖ
262 1182 361 1267 ῥηταί
386 1184 451 1248 εἰσι
480 1178 622 1266 δυνάμει
650 1179 757 1267 μόνον
790 1179 984 1267 σύμμετροι·
1026 1177 1183 1268 ἀποτομὴ

108 1309 141 1357 10
160 1283 226 1374 ἄρα
249 1282 341 1354 ἐστὶν
364 1283 384 1372 ἡ
409 1292 478 1354 ΓΖ.

228 1395 325 1478 Λέγω
349 1391 404 1478 δή,
428 1391 479 1460 ὅτι
501 1394 557 1460 καλ
579 1400 681 1479 τρίτη.

225 1495 314 1567 Ἐττελ
337 1497 401 1587 γὰρ
425 1499 613 1586 σύμμετρόν
636 1498 704 1566 ἐστι
728 1499 765 1569 τὸ
790 1498 856 1567 ιἰττὸ
875 1509 933 1585 τῆς
952 1504 1029 1565 ΑΗ
1045 1501 1093 1590 τῷ
1112 1497 1179 1567 ἆιτό

160 1608 219 1690 τῆς
242 1611 325 1690 ΗΒ,
354 1605 545 1692 σύμμετρον
573 1604 639 1693 ἄρα
666 1607 723 1673 καλ
750 1608 787 1675 τὸ
809 1613 872 1675 ΓΘ
897 1608 943 1696 τῷ
968 1610 1052 1672 ΚΛ·
1095 1602 1183 1674 ὥστε

160 1711 216 1778 καὶ
240 1709 260 1798 ἡ
284 1717 353 1779 ΓΚ
372 1716 412 1800 τῇ
436 1717 519 1780 ΚΜ
561 1713 617 1780 καὶ
640 1713 711 1781 ἐπεὶ
734 1717 801 1780 τῶν
824 1710 890 1780 ἀπὸ
913 1716 981 1781 τῶν
1006 1717 1090 1799 ΑΗ,
1109 1718 1179 1779 ΗΒ

109 1840 142 1889 16
161 1818 264 1904 μέσον
288 1816 458 1904 ἀνάλογόν
482 1820 610 1886 ἔστιτὸ
635 1816 700 1886 ὑπὸ
719 1824 786 1887 τῶν
810 1825 893 1905 ΑΗ,
917 1825 1000 1904 ΗΒ,
1027 1823 1090 1885 καί
1110 1820 1181 1886 ἐστι

160 1926 206 2015 τῷ
230 1923 291 2011 μὲν
315 1922 380 1993 ἀπὸ
403 1929 462 2010 τῆς
480 1931 556 1991 ΑΗ
574 1932 650 1992 λ’σον
674 1924 711 1992 τὸ
730 1930 802 2010 ΓΘ,
827 1928 871 2016 τῳ
896 1923 934 1992 δὲ
952 1922 1017 1993 ἀπὸ
1034 1927 1096 2010 τῆς
1109 1930 1179 1992 ΗΒ

161 2038 237 2100 ἴσον
260 2028 297 2099 τὸ
320 2038 356 2098 Κ
361 2038 402 2116 Λ,
427 2035 472 2124 τῳ
497 2029 535 2098 δὲ
556 2028 622 2099 ὑπὸ
650 2034 717 2098 τῶν
742 2038 823 2115 ΑΗ,
845 2038 915 2098 ΗΒ
939 2039 1015 2099 ἴσον
1032 2032 1072 2098 τὸ
1095 2037 1182 2117 ΝΛ,

161 2137 216 2205 καλ
240 2143 307 2207 τῶν
331 2144 407 2224 ΓΘ,
431 2143 501 2203 ΚΛ
528 2134 594 2222 ἄρα
618 2138 721 2223 μέσον
744 2135 916 2223 ἀνάλογόν
940 2135 1069 2204 ἔστιτὸ
1093 2143 1181 2205 ΝΛ·

161 2249 251 2311 ἔστιν
279 2242 345 2332 ἄρα
374 2240 418 2323 ὡς
444 2245 482 2311 τὸ
510 2249 572 2310 ΓΘ
603 2240 687 2328 πρὸς
714 2240 752 2310 τὸ
781 2249 867 2328 ΝΛ,
901 2241 1007 2324 οὕτως
1038 2241 1078 2311 τὸ
1106 2251 1181 2311 ΝΛ

107 2373 142 2422 νο
161 2353 244 2437 πρὸς
275 2353 312 2417 τὸ
345 2355 423 2416 ΚΛ.
474 2345 549 2416 ἀλλ’
576 2344 621 2427 ὡς
652 2347 713 2434 μὲν
745 2345 783 2417 τὸ
814 2355 877 2416 ΓΘ
908 2347 991 2437 πρὸς
1023 2348 1061 2417 τὸ
1095 2340 1183 2436 ΝΛ,

161 2453 268 2534 οὕτως
290 2433 423 2540 ἐστὶν’ἡ
447 2460 515 2522 ΓΚ
535 2453 619 2542 πρὸς
637 2452 698 2540 τὴν
713 2462 802 2540 ΝΜ,
827 2453 872 2534 ὥς
895 2454 933 2523 δέ
950 2453 988 2522 τὸ
1003 2460 1077 2522 ΝΛ
1094 2454 1184 2543 πρὸς

160 2559 197 2628 τὸ
222 2567 307 2645 ΚΛ,
331 2559 437 2639 οὕτως
461 2560 551 2628 ἐστὶν
574 2558 594 2647 ἡ
619 2567 705 2628 ΝΜ
720 2563 804 2649 πρὸς
825 2558 887 2648 τὴν
909 2567 1000 2627 ΚΜ·
1041 2557 1087 2640 ὡς
1110 2560 1182 2649 ἄρα

159 2662 181 2751 ἡ
205 2672 273 2734 ΓΚ
294 2689 377 2752 προς
399 2663 462 2751 τὴν
486 2671 580 2750 ΜΝ,
610 2663 715 2747 οὕτως
739 2667 829 2734 ἐστὶν
852 2664 872 2753 ἡ
899 2672 980 2733 ΜΝ
1002 2663 1088 2753 πρὸς
1115 2668 1182 2755 τὴν

160 2778 250 2840 ΚΜ
290 2771 327 2842 τὸ
351 2770 416 2857 ἄρα
439 2769 505 2840 ὑπὸ
529 2776 598 2841 τοῖν
622 2778 702 2859 ΓΚ,
726 2781 809 2840 ΚΜ
833 2782 910 2840 ἴσον
933 2770 1003 2841 ἐστὶ
1025 2775 1071 2864 τῷ
1098 2772 1183 2858 [ἀπὸ

106 2902 141 2952 25
160 2884 218 2967 τῆς
232 2887 317 2967 ΜΝ,
335 2880 485 2948 τουτέστι
504 2882 563 2972 τῷ]
584 2878 726 2970 τετάρτῳ
746 2881 837 2967 μέρει
856 2884 917 2948 τοῦ
935 2877 1001 2948 ἀπὸ
1022 2882 1081 2965 τῆς
1095 2888 1180 2952 ΖΜ.

162 2987 231 3055 ἐπεὶ
255 2979 318 3056 οὖν
343 2987 405 3056 δύο
430 2983 561 3055 εὐθεῖαι
584 2985 701 3055 ἄνισοί
721 2990 806 3055 εἰσιν
835 2990 873 3054 αλ
893 2993 980 3073 ΓΜ,
1005 2993 1093 3073 ΜΖ,
1122 2989 1182 3056 καλ

161 3097 207 3184 τῷ
231 3095 374 3182 τετάρτῳ
405 3094 497 3179 μέρει
524 3096 585 3161 τοῦ
614 3090 679 3160 ἀπὸ
706 3095 763 3179 τῆς
791 3099 868 3159 ΖΜ
891 3100 967 3160 ἴσον
996 3094 1088 3179 παρὰ
1115 3095 1182 3183 τὴν

160 3203 239 3264 ΓΜ
256 3199 505 3285 παραβέβληται
533 3199 686 3267 ἐλλεῖπον
715 3202 797 3267 εἴδει
820 3199 1022 3289 ’τετραγώνῳ
1048 3201 1107 3268 καλ
1133 3206 1182 3282 εἰς

236 3399 263 3478 1.ἱ
279 3387 322 3463 τό]
343 3386 501 3481 σύμμετρόν
521 3387 578 3446 ἔστι
597 3390 629 3448 τό
654 3393 752 3448 Theon
787 3388 908 3460 BFVb).
989 3401 1013 3450 2.
1033 3394 1104 3451 Post
1124 3401 1181 3452 ΗΒ

161 3463 217 3518 del.
236 3483 268 3517 το
288 3467 338 3517 ΖΛ
356 3462 390 3517 V.
446 3480 657 3534 ασνμμετρα-
673 3471 697 3519 3.
719 3468 773 3518 ΗΒ
809 3481 862 3521 om.
881 3463 911 3519 P.
967 3471 992 3520 2.
1011 3461 1181 3539 ἀσύμμετρα

161 3539 235 3590 -6,
257 3534 510 3607 ZA]mg.m.1V.
566 3541 590 3589 2.
610 3530 678 3610 ἄρα]
698 3535 794 3591 om.b.
850 3531 997 3606 έστινᾶρα
1015 3536 1049 3591 V.
1106 3536 1181 3612 ολττό]
