2474 3908
158 168 201 232 26
542 167 744 220 ΣΤοιΧοιοΝ
763 164 789 221 ι’.

158 307 321 397 ἀριθμός,
343 310 398 376 καὶ
418 307 435 377 ὁ
456 309 661 395 τετράγωνος
678 308 762 396 πρὸς
780 306 839 376 ιὸν
858 307 1069 396 τετράγωνον
1089 305 1178 395 [ἀρι-

156 415 261 503 θμὸν]
292 420 492 483 διπλασίονα
524 413 628 501 λόγον
657 419 737 501 ἔχει,
770 412 854 501 ήπιρ
887 409 908 498 ή
937 411 1064 500 πλευρὰ
1092 411 1179 502 πρὸς

157 520 219 607 τὴν
242 520 403 608 πλευράν·
432 525 522 589 ἔστιν
546 518 613 609 ἄρα
635 520 691 587 καὶ
715 518 761 600 ὡς
782 518 819 588 τὸ
845 517 911 588 ἀπὸ
935 524 993 606 ιής
1013 529 1045 586 A
1063 519 1178 607 τειρα-

157 654 270 713 γωνον
292 626 377 713 πρὸς
399 625 436 694 τὸ
461 625 526 694 ἀπὸ
549 630 608 713 ιής
630 634 658 694 Β
681 627 908 715 τετράγωνον,
937 627 1043 706 οὕτως
1067 624 1084 694 ὁ
1110 625 1176 696 ἀπὸ

122 737 217 807 5τοῦ
244 740 281 824 ,Γ
307 733 515 821 τετράγωνος
543 731 715 821 [ἀριθμὸς]
746 732 830 817 πρὸς
862 731 922 801 τὸν
954 730 1020 800 ίιπδ
1049 738 1111 802 τοῦ
1143 743 1178 802 A

159 837 334 929 [ἀριθμοῦ]
359 839 572 927 τετράγωνον
597 837 785 927 [ἄριθμόνλ

222 943 318 1014 ’Λλλδι
344 946 385 1034 δὴ
411 952 494 1015 ἔσται
514 945 559 1026 ὡς
581 945 619 1014 τὸ
643 945 708 1015 ἀπὸ
732 950 791 1032 τῆς
808 956 841 1014 A
858 946 1069 1035 τετράγωνον
1091 946 1178 1032 πρὸς

156 1053 194 1120 τὸ
219 1051 282 1121 ιἰπδ
307 1064 366 1140 τῆς
388 1061 433 1138 Β,
463 1051 568 1132 οὕτως
596 1050 614 1120 ὁ
639 1051 704 1120 ιἰπὸ
729 1057 789 1121 τοῦ
813 1058 845 1121 Γ
863 1053 1071 1140 τετράγωνος
1093 1050 1178 1140 πρὸς

155 1158 216 1227 τὸν
245 1159 310 1228 ἀπὸ
339 1165 400 1229 τοῦ
430 1169 462 1228 Δ
487 1159 737 1248 [τετράγωνον]·
774 1160 875 1246 λέγω,
909 1158 960 1228 ὅτι
988 1157 1178 1247 σύμμετρός

105 1289 138 1338 10
158 1267 247 1333 ἐστιν
270 1263 291 1352 ή
314 1276 347 1334 A
369 1269 409 1354 νή
433 1274 461 1333 Β
485 1265 590 1353 μήκει.

221 1371 310 1439 Ἐπεὶ
333 1371 397 1459 γάρ
420 1375 510 1440 ἐστιν
530 1369 575 1452 ὡς
592 1370 630 1439 τὸ
650 1368 715 1439 ἀπὸ
735 1375 793 1458 ιής
811 1381 844 1440 A
861 1370 1073 1459 τετράγωνον
1092 1371 1177 1459 πρὸς

41 1504 49 1516 ’
157 1474 194 1545 τὸ
219 1474 284 1545 ἀπὸ
308 1481 366 1564 τής
388 1485 416 1545 Β
441 1477 697 1564 [τετραγωνον],
726 1476 832 1559 οὕτως
857 1477 875 1547 ὁ
900 1478 1050 1547 ἀπὸτοῦ
1075 1485 1107 1546 Γ
1126 1504 1174 1546 ιε-

156 1582 328 1671 τμοίγωνος
350 1584 434 1672 πρὸς
456 1584 517 1653 τὸν
540 1582 606 1653 ίιπὸ
630 1596 690 1653 τοῦ
715 1593 749 1653 A
773 1585 1011 1672 [τετράγωνον]
1019 1636 1029 1670 ,
1058 1582 1126 1651 ἀλλ’
1154 1581 1172 1652 ὁ

157 1690 220 1776 μὲν
247 1696 307 1759 τοῦ
336 1689 402 1760 ἀπὸ
425 1697 483 1779 τῆς
507 1702 538 1760 A
560 1692 772 1779 τετραγώνου
798 1690 883 1780 πρὸς
909 1693 947 1760 τὸ
975 1689 1040 1759 ἀπὸ
1064 1695 1124 1777 τῆς
1146 1698 1175 1758 Β

106 1821 139 1869 15
160 1797 397 1885 [τετράγωνον]
425 1799 526 1885 λόγος
555 1803 739 1867 διπλασίων
767 1799 835 1867 ἐστὶ
863 1809 925 1867 τοῦ
952 1803 1011 1884 τῆς
1034 1808 1065 1865 Α
1092 1795 1176 1885 πρὸς

158 1901 219 1990 τήν
245 1912 273 1971 Β
297 1903 416 1991 λόγον,
446 1901 464 1972 δ
490 1903 610 1972 δὲιοῦ
634 1902 784 1973 ἀπὸτοῦ
809 1911 841 1972 Γ
860 1903 1037 1991 [ἀριθμοῦ]
1063 1929 1175 1990 νειμα-

157 2009 271 2095 γοίνον
296 2008 474 2097 [ἀριθμοῦ]
498 2008 582 2098 πρὸς
608 2008 670 2078 τὸν
693 2008 759 2078 ἀπὸ
784 2014 845 2078 τοῦ
869 2018 903 2077 A
923 2007 1101 2098 [ἀριθμοῦ]
1125 2034 1175 2076 τε·

157 2116 332 2203 τρίγωνον
356 2115 533 2205 [ἀριθμὸν]
557 2118 657 2204 λόγος
676 2120 862 2185 διπλασίων
885 2116 954 2182 ἐστὶ
978 2118 1038 2183 τοῦ
1062 2119 1123 2184 τοῦ
1147 2120 1179 2183 Γ

160 2221 338 2310 [ἀριθμοῦ]
367 2223 450 2310 πρὸς
477 2222 538 2291 τὸν
568 2233 600 2292 Δ
631 2221 808 2311 [ἀριθμὸν]
838 2225 958 2310 λόγον,
990 2227 1080 2290 ἔστιν
1109 2219 1175 2309 ἅμα

106 2351 140 2400 20
159 2328 214 2394 καὶ
238 2325 282 2407 ὡς
305 2327 326 2414 ή
350 2338 382 2396 A
404 2329 487 2417 πρὸς
509 2328 571 2415 τήν
595 2337 639 2414 Β,
670 2327 777 2408 οὕτως
800 2326 817 2395 ὁ
843 2333 875 2394 Γ
894 2325 1068 2414 [ἀριθμὸς]
1092 2325 1176 2424 πρὸς

158 2431 218 2500 τὸν
242 2441 276 2500 A
301 2433 490 2522 [ἄριθμόνλ
529 2433 550 2521 ἡ
575 2445 606 2502 A
629 2434 695 2523 ἅμα
724 2433 807 2520 πρὸς
833 2435 947 2521 τὴνΒ
970 2433 1074 2520 λόγον
1099 2439 1175 2521 ἔχει,

159 2537 200 2607 δν
223 2538 369 2626 ἀριθμός
393 2537 410 2608 ὁ
430 2547 463 2608 Γ
476 2539 559 2628 πρὸς
577 2539 727 2629 ἀριθμὸν
746 2539 806 2609 τὸν
826 2548 872 2607 A·
905 2539 1091 2629 σύμμετρος
1110 2539 1176 2629 ἅμα

159 2645 249 2714 ἐστὶν
272 2643 293 2732 ή
317 2656 349 2714 Α
371 2650 411 2735 νή
435 2655 464 2715 Β
487 2645 591 2734 μήκει.
891 2640 894 2647 ’

222 2750 320 2820 Ἀλλδι
344 2750 386 2839 δή
410 2753 619 2842 ἀσύμμετρος
642 2759 725 2821 ἔστω
749 2751 770 2840 ἡ
790 2761 821 2820 A
839 2763 878 2842 τῇ
899 2760 927 2820 Β
946 2755 1053 2840 μήκει·
1077 2754 1175 2838 λέγω,

105 2881 139 2930 νο
159 2859 210 2926 ὅτι
233 2857 270 2926 τὸ
295 2857 361 2927 ἀπὸ
384 2863 442 2946 τῆς
459 2868 492 2927 A
514 2859 726 2948 τετράγωνον
747 2858 830 2947 πρὸς
847 2858 885 2927 τὸ
905 2855 969 2925 ἀπὸ
988 2861 1046 2944 τῆς
1064 2865 1093 2924 Β
1115 2863 1175 2942 [τε-

158 2963 349 3053 τράγωνον]
383 2964 488 3052 λόγον
522 2964 583 3034 οὐκ
611 2972 693 3053 ἔχει,
726 2963 767 3035 δν
794 2964 1002 3054 τετράγωνος
1029 2963 1176 3052 ἀριθμὸς

157 3070 241 3160 πρὸς
262 3071 474 3160 τετράγωνον
497 3070 657 3160 ἀριθμόν.

226 3182 271 3244 El
297 3177 361 3265 γὰρ
390 3183 455 3265 ἔχει
482 3176 519 3245 ιδ
549 3176 614 3246 ιἰπὸ
642 3183 701 3266 τῆς
728 3188 760 3246 A
787 3180 997 3263 τετράγωνον
1025 3175 1110 3265 πρὸς
1138 3176 1176 3245 ιὸ

159 3279 223 3351 ἀπὸ
247 3286 306 3369 ιής
327 3288 354 3351 Β
380 3282 619 3371 [τετράγωνον]
644 3287 759 3372 λόγον,
783 3281 823 3352 ὃν
846 3282 1054 3369 τετράγωνος
1077 3285 1176 3371 ἄριθ·

231 3449 255 3498 1.
279 3437 419 3516 ἀριθμόν]
445 3461 498 3500 om.
522 3443 634 3500 BFVb.
709 3450 733 3499 5.
759 3444 798 3515 Γ]
822 3443 852 3498 in
870 3460 925 3499 ras.
944 3441 979 3511 Β,
1004 3447 1030 3496 Γ
1046 3438 1175 3513 ἀριθμοῦ

80 3552 82 3557 -
158 3512 243 3568 ΒἮ).
317 3509 452 3586 ἀριθμός]
473 3532 526 3570 om.
546 3515 575 3569 P.
649 3522 673 3571 6.
698 3511 837 3585 ἀριθμοῦ]
857 3531 912 3570 om.
931 3513 962 3570 P.
1035 3509 1176 3585 ἀριθμόν]
