2474 3908
391 167 666 219 murmurouun
683 167 792 218 nnana
810 168 843 220 x.
1058 165 1124 232 343

108 310 420 378 commensurabilia.
468 332 567 395 quare
591 310 690 375 etiam
713 313 787 392 PZ,
811 313 878 374 ΖΔ
905 310 1054 394 potentia
1076 311 1124 375 in·

109 417 417 484 commensurabiles
433 420 510 481 sunt
523 416 702 482 efficientes
717 438 878 481 summam
890 417 1124 501 quadratorum

109 524 248 589 mediam
268 527 302 589 et
318 523 545 608 rectangulum
563 523 704 588 medium
717 526 949 608 praetereaque
964 545 1125 589 summam

112 630 345 715 quadratorum
367 629 555 714 rectangulo
578 628 946 693 incommensurabilem.

175 735 265 822 Ergo
288 738 351 800 ΓΛ
372 738 462 801 reeta
485 739 536 801 est
558 757 632 799 cum
655 733 761 799 medio
784 738 890 798 totum
914 735 1056 798 medium
1079 734 1124 799 ef·

108 843 219 907 ficiens
244 844 348 926 [prop.
372 839 570 925 LXXVIII];
593 841 680 925 quod
704 843 774 904 erat
796 840 1093 906 demonstrandum.

557 1032 676 1100 cvm.

176 1158 290 1243 Spatio
310 1158 416 1223 medio
437 1138 630 1224 arationali
645 1159 755 1224 ablato
769 1162 859 1224 recta
873 1158 1000 1243 reliquo
1015 1158 1122 1241 spatio

108 1266 253 1351 aequalis
277 1266 437 1350 quadrata
456 1265 615 1330 alterutra
632 1267 794 1330 rectarum
812 1264 1053 1330 irrationalium
1073 1268 1125 1329 est

108 1376 166 1438 ant
189 1375 339 1456 apotome
363 1375 420 1437 aut
443 1371 557 1436 minor.

174 1501 251 1544 nam
271 1500 291 1543 a
310 1480 417 1562 spatio
440 1478 594 1543 rationali
612 1481 680 1543 ΒΓ
697 1478 839 1543 medium
862 1477 1027 1543 auferatur
1045 1482 1123 1544 ΒΔ.

108 1584 195 1668 dico,
222 1587 345 1649 rectam
374 1584 499 1668 reliquo
522 1587 589 1649 ΕΓ
613 1585 782 1669 aequalem
810 1584 1002 1669 quadratam
1026 1585 1122 1650 alter-

106 1694 214 1755 utram
237 1693 398 1755 rectarum
420 1690 660 1756 irrationalium
684 1712 754 1756 esse
783 1694 841 1756 ant
865 1693 1043 1774 apotomen
1066 1696 1124 1756 aut

107 1797 274 1860 minorem.

174 1904 317 1987 ponatur
335 1900 422 1966 enim
439 1901 612 1966 rationalis
632 1905 710 1984 ZH,
734 1907 768 1966 et
787 1903 893 1985 spatio
908 1906 975 1968 ΒΓ
989 1904 1123 1988 aequale

107 2012 220 2101 rectae
239 2009 309 2070 ZH
328 2006 508 2090 adplicetur
529 2009 757 2093 rectiangulum
779 2011 862 2092 ΗΘ,
886 2009 991 2093 spatio
1015 2012 1125 2075 autem

109 2119 175 2180 ΔΒ
191 2113 325 2198 aequale
346 2112 510 2178 auferatur
523 2115 603 2180 HK.
635 2114 746 2197 itaque
759 2115 919 2199 reliquum
934 2118 1123 2180 nra-Ao.

268 2292 290 2340 A
429 2289 454 2340 Ε
491 2293 512 2340 B
723 2221 789 2284 iam
813 2221 966 2304 quoniam
990 2225 1057 2286 ΒΓ
1075 2243 1124 2285 ra-

721 2327 845 2392 tionale
860 2331 918 2413 est,
932 2332 1000 2392 BA
1015 2331 1122 2393 autem

723 2433 873 2518 medium,
884 2438 919 2498 et
927 2438 1035 2500 BF=
1043 2438 1082 2499 H
1084 2438 1122 2517 Θ,

722 2543 927 2624 ΒΔε-ΗΚ,
943 2542 1123 2606 Horatio-

722 2647 797 2711 nale
823 2651 886 2730 est,
913 2650 988 2711 HK
1013 2651 1122 2713 autem

721 2752 931 2818 mediume
932 2753 1123 2818 trationali

656 2862 796 2960 ΗΖΗ
834 2858 998 2941 adplicata
1039 2861 1123 2922 sunt.

162 2978 474 2987 “ff-“-
722 2964 834 3046 itaque
863 2966 924 3026 ΖΘ
949 2963 1122 3028 rationalis

125 2977 774 3192 lae-*l
724 3073 774 3133 est
793 3073 950 3134 etrectae
897 3072 1036 3133 tZH
1054 3070 1121 3134 lon·

658 3141 772 3261 Zgit
749 3175 869 3240 'tudine
885 3195 1122 3240 commensura·

106 3286 183 3350 bilis
208 3287 314 3369 [prop.
337 3282 429 3366 XX]‚
453 3286 520 3347 ΖΚ
541 3287 650 3347 autem
672 3281 900 3347 rationalistet
922 3284 1029 3347 rectae
1053 3284 1127 3346 ΖΗ

107 3391 310 3476 longitudine
342 3389 679 3454 incommensurabilis
713 3391 816 3473 [prop.
847 3387 967 3469 XXII].
1023 3408 1122 3471 quare

108 3501 186 3575 ΖΘ,
211 3500 278 3560 ΖΚ
304 3495 508 3580 longitudine
536 3494 879 3561 incommensurabiles
908 3497 984 3558 sunt
1013 3495 1122 3576 [prop.
