2474 3908
520 154 708 210 mannum.
1060 157 1125 222 383

111 303 220 364 autem
231 302 274 378 E3
290 297 496 392 irrationales
512 299 599 362 enim
609 301 740 364 omnino
752 302 848 365 uocat
857 304 962 365 rectas
972 302 1124 366 rationali

110 405 454 471 incommensurabiles
479 407 511 469 et
533 404 738 489 longitudine
762 410 795 471 et
818 407 973 491 potentia.

496 724 605 809 Uulgo
629 724 669 810 X,
695 725 744 789 13.

116 891 119 895 -
176 848 227 912 Ad
251 869 341 932 prop.
360 847 443 913 XIII
466 850 585 913 lemma
608 871 647 912 ex
669 849 857 915 reductione
881 851 915 914 in
939 850 1122 915 absurdum.

177 953 210 1020 Si
234 954 315 1019 duae
331 954 574 1039 magnitudines
599 959 683 1039 sunt,
708 960 740 1020 et
763 955 868 1021 altera
887 979 1124 1023 commensura-

109 1061 197 1146 bilis,
220 1061 323 1126 altera
341 1061 681 1126 incommensurabilis
700 1063 804 1127 eidem
824 1063 1042 1148 magnitudini
1063 1071 1122 1148 est,

110 1168 350 1253 magnitudines
374 1168 720 1241 incommensurabiles
747 1174 848 1234 erunt.

419 1273 486 1339 sint
514 1275 600 1338 enim
627 1281 674 1358 A,
698 1279 726 1340 B
760 1276 841 1340 duae
870 1277 1124 1363 magnitudines,

351 1380 416 1445 alia
440 1384 548 1445 autem
571 1382 614 1464 Γ,
638 1385 671 1446 et
694 1388 736 1464 A,
759 1384 791 1446 Γ
816 1384 1122 1449 commensurabiles

123 1517 126 1631 p
189 1508 228 1556 -Β
261 1471 307 1520 -P
351 1488 425 1567 sint,
444 1490 484 1569 Β,
499 1488 650 1552 sautem
665 1488 1015 1554 incommensurabiles.
1043 1489 1124 1574 dico,

116 1613 157 1660 -Α
350 1593 448 1658 etiam
470 1599 513 1677 A,
537 1596 565 1657 Β
589 1595 935 1660 incommensurabiles
959 1616 1038 1660 esse.

177 1723 253 1765 narn
274 1702 301 1766 si
316 1706 399 1786 A,B
419 1703 727 1766 commensurabiles
747 1705 834 1785 sunt,
857 1704 890 1765 et
912 1700 1010 1765 etiam
1034 1703 1072 1784 Γ,
1091 1708 1124 1765 Α

109 1807 417 1871 commensurabiles
447 1810 536 1891 sunt,
567 1807 666 1871 etiam
694 1809 734 1891 Γ,
758 1811 785 1871 Β
814 1807 1123 1873 commensurabiles

109 1917 186 1978 sunt
211 1915 313 1997 [prop.
337 1911 429 1997 XII];
454 1912 538 1996 quod
563 1916 676 1978 contra
698 1912 895 1997 hypothesin
920 1916 978 1978 est.

603 2126 632 2190 6.

421 2231 473 2296 Ad
497 2233 568 2297 libr.
592 2231 738 2316 Xprop.
764 2234 814 2298 18.

176 2357 369 2421 RatIonales
393 2359 477 2421 enim
503 2358 601 2422 uocat
624 2359 729 2420 rectas
757 2356 911 2421 rationali
934 2357 1122 2440 propositae

108 2463 415 2529 commensurabiles
444 2466 501 2527 aut
524 2461 727 2547 longitudine
757 2469 790 2527 et
812 2463 959 2546 potentia
986 2467 1043 2527 aut
1065 2484 1123 2547 po-

109 2572 212 2636 tentia
244 2574 382 2636 tantum.
440 2574 516 2635 sunt
549 2571 658 2633 autem
696 2565 812 2655 aliae1)
846 2591 972 2654 quoque
1004 2573 1122 2655 rectae,

109 2699 192 2762 quae
224 2676 377 2742 rationali
405 2676 593 2760 propositae
620 2675 824 2759 longitudine
850 2668 1120 2741 incommensura-

86 2784 191 2848 biles
220 2786 308 2864 sunt,
335 2783 482 2866 potentia
511 2787 619 2847 autem
647 2785 774 2847 tantum
798 2782 1122 2865 commensurabilem

110 2911 209 2975 quare
232 2891 343 2953 rurs'us
366 2891 525 2953 uocantur
547 2887 723 2952 rationales
746 2891 779 2952 et
802 2890 888 2952 inter
911 2909 945 2952 se
964 2909 1123 2953 commen-

109 2995 284 3080 surabiles,
309 2997 470 3079 quatenus
493 2993 670 3058 rationales
694 2997 781 3076 sunt,
812 2994 1121 3060 commensurabiles

108 3106 217 3168 autem
252 3102 336 3166 inter
367 3121 401 3164 se
434 3103 491 3163 aut
521 3099 723 3182 longitudine
752 3104 784 3164 et
812 3101 961 3183 potentia
984 3103 1040 3164 aut
1063 3122 1122 3184 po-

91 3236 92 3239 =
182 3280 206 3348 1)
225 3278 286 3334 Hoc
306 3275 372 3345 quid
391 3273 444 3329 sibi
462 3274 541 3342 uelit,
559 3290 616 3329 non
634 3273 777 3346 intellego.

144 3437 178 3507 B]
199 3441 240 3491 A?
258 3435 288 3491 P.
343 3433 523 3506 ἀσύμμετρον
542 3435 573 3503 F,
592 3435 642 3490 sed
661 3451 730 3490 corr.
788 3441 829 3492 15.
848 3435 912 3506 καί]
932 3436 1004 3506 (alt.)
1024 3453 1077 3493 om.
1094 3437 1120 3491 b.

146 3514 186 3564 16.
207 3505 279 3563 εἰσιν
298 3502 468 3578 ἀσύμμετροι
488 3507 519 3561 Il.
593 3504 663 3562 εἰσιν
682 3507 712 3562 Β.
