2474 3908
133 166 195 231 138
517 165 719 218 ΣΤΟΙΧΕΙΩΝ
737 162 764 218 ι’.

58 386 61 391 ⁴
130 334 179 390 τις
201 307 284 397 ῥητὴ
306 305 327 394 ἡ
348 317 392 393 Α,
415 308 471 374 καὶ
493 311 533 396 τῇ
554 316 588 375 Δ
606 308 793 395 σύμμετρος
816 311 899 375 ἔστω
923 307 1018 394 μήκει
1038 303 1059 395 ἡ
1078 313 1152 377 ΕΖ.

131 413 213 504 ῥητὴ
242 413 308 504 ἄρα
337 413 406 482 ἐστὶ
432 414 488 480 καὶ
516 411 536 501 ἡ
566 421 638 482 ΕΖ.
683 414 739 481 καὶ
771 415 934 500 γεγονέτω
963 411 1008 494 ὡς
1036 410 1054 482 ὁ
1084 420 1151 481 ΒΑ

131 518 277 608 ἀριθμὸς
304 519 387 608 πρὸς
414 519 474 589 τὸν
497 527 578 606 ΑΓ,
607 518 712 601 οὕτως
740 519 776 588 τὸ
807 518 873 589 ἀπὸ
899 523 958 607 τῆς
980 527 1043 587 ΕΖ
1065 519 1152 607 πρὸς

130 625 168 695 τὸ
192 625 256 695 ἀπὸ
280 631 339 715 τῆς
362 634 438 697 ΖΗ.
480 624 498 694 ὁ
523 626 561 695 δὲ
583 635 648 695 AB
671 626 754 716 πρὸς
777 624 837 696 τὸν
855 633 925 695 ΑΓ
939 625 1043 712 λόγον
1071 631 1149 714 ἔχει,

95 729 174 801 ὁὸν
197 730 343 823 ἀριθμὸς
369 732 452 822 πρὸς
480 730 641 822 ἀριθμόν·
683 735 738 801 καὶ
764 731 801 801 τὸ
826 730 891 801 ἀπὸ
914 736 973 820 τῆς
997 741 1058 802 ΕΖ
1083 731 1150 820 ἅμα

130 839 214 928 πρὸς
242 839 279 908 τὸ
309 837 375 909 ἄτιό
403 849 462 926 τῆς
490 846 562 907 ΖΗ
582 841 686 925 λόγον
713 845 792 928 ἔχει,
822 837 863 908 ὃν
892 838 1038 929 ἀριθμὸς
1065 837 1151 929 πρὸς

131 944 292 1036 ἀριθμόν·
333 946 414 1027 Am
446 945 635 1034 σύμμετρόν
669 948 737 1015 ἐστι
766 945 804 1015 τὸ
833 944 898 1014 ἀπὸ
925 951 984 1034 τῆς
1013 953 1075 1013 ΕΖ
1104 952 1149 1039 τῷ

130 1051 195 1122 ἆτιό
219 1058 278 1141 τῆς
302 1062 379 1122 ΖΗ.
419 1059 478 1120 καί
499 1056 567 1122 ἐστι
591 1053 674 1141 ῥητὴ
696 1051 718 1137 ἧ
741 1061 815 1122 ΕΖ·
849 1052 931 1142 ῥητὴ
955 1051 1022 1140 ἄρα
1047 1049 1149 1139 καὶὴ

132 1167 208 1228 ΖΗ.
253 1161 309 1228 καὶ
338 1161 408 1228 ἐπεὶ
432 1157 450 1228 ὁ
474 1167 540 1229 BA
562 1157 645 1250 πρὸς
671 1159 732 1228 τὸν
762 1164 831 1226 ΑΓ
849 1161 952 1245 λόγον
981 1158 1042 1227 οὐκ
1071 1164 1150 1246 ἔχει,

79 1288 113 1339 10
132 1264 174 1335 ὃν
205 1267 414 1356 τετράγωνος
450 1264 596 1353 ἀριθμὸς
629 1266 713 1355 πρὸς
743 1264 955 1351 τετράγωνον
986 1262 1150 1353 ἀριθμόν,

131 1370 212 1442 οὐδὲ
235 1373 272 1441 τὸ
297 1371 362 1441 ἀπὸ
386 1376 445 1459 τῆς
464 1379 525 1439 ΕΖ
544 1370 610 1460 ἅμα
632 1371 717 1458 πρὸς
734 1371 772 1441 τὸ
793 1369 859 1441 ἀπὸ
878 1376 937 1461 τῆς
957 1378 1029 1439 ΖΗ
1043 1371 1150 1457 λόγον

130 1485 207 1567 ἔχει,
222 1476 262 1548 ὃν
276 1479 484 1568 τετράγωνος
499 1477 645 1566 ἀριθμὸς
658 1478 743 1564 πρὸς
755 1479 967 1568 τετράγωνον
985 1475 1150 1568 ἀριθμόν·

129 1584 339 1673 ἀσύμμετρος
366 1584 431 1673 ἅμα
459 1586 550 1654 ἐστὶν
577 1583 597 1672 ἡ
622 1593 684 1652 ΕΖ
712 1590 751 1674 τῇ
777 1593 849 1654 ΖΗ
867 1585 972 1674 μήκει.
1015 1588 1052 1652 αἱ
1073 1592 1149 1672 ΕΖ,

130 1700 203 1761 ΖΗ
216 1692 282 1780 ἅμα
305 1696 406 1781 ῥηταί
427 1697 490 1760 εἰσι
514 1690 655 1779 δυνάμει
678 1691 786 1778 μόνον
806 1692 1001 1781 σύμμετροι·
1029 1691 1148 1760 ἐκδύο

78 1820 112 1869 ιι
131 1798 197 1887 ἄρα
221 1797 398 1885 ὀνομάτων
421 1800 511 1868 ἐστὶν
534 1796 555 1885 ἡ
580 1805 657 1866 ΕΗ.

199 1907 310 1991 Λέγω,
334 1905 385 1973 ὅτι
408 1904 464 1973 καὶ
486 1903 609 1993 πρώτη.

196 2010 285 2080 Ἐπεὶ
309 2014 373 2101 γάρ
402 2014 492 2080 ἐστιν
516 2009 597 2091 ὡςὸ
622 2018 687 2079 BA
711 2009 857 2099 ἀριθμὸς
883 2008 967 2100 πρὸς
988 2012 1048 2080 τὸν
1072 2018 1150 2098 ΑΓ,

133 2117 238 2200 οὕτως
260 2116 297 2186 τὸ
322 2117 387 2187 ἀπὸ
410 2121 468 2205 τῆς
491 2125 554 2185 ΕΖ
576 2116 659 2206 πρὸς
682 2115 720 2186 τὸ
745 2115 811 2186 ιἰιτὸ
834 2120 893 2205 τῆς
916 2125 998 2204 ΖΗ,
1027 2123 1149 2205 μείζων

132 2228 170 2296 δὲ
198 2225 216 2295 ὁ
245 2232 311 2294 ΒΑ
337 2229 397 2294 τοῦ
421 2230 504 2312 ΑΓ,
531 2231 643 2312 μεῖζον
667 2223 733 2313 ἅμα
760 2225 816 2292 καὶ
843 2223 881 2293 τὸ
908 2223 974 2293 ιἰτιὸ
1002 2228 1061 2312 τῆς
1084 2232 1149 2293 ΕΖ

77 2353 112 2403 20
131 2337 193 2402 τοῦ
215 2331 279 2400 ἀπὸ
303 2337 362 2419 τῆς
385 2337 461 2398 ΖΗ.
507 2336 590 2400 ἔστιν
614 2322 677 2399 οὖν
700 2334 745 2424 τῷ
772 2328 836 2400 ιἰτιὸ
861 2336 919 2417 τῆς
942 2338 1004 2398 ΕΖ
1028 2329 1149 2401 ἴσιιτά

131 2438 196 2508 ἀπὸ
220 2442 288 2506 τῶν
312 2443 390 2523 ΖΗ,
413 2444 450 2505 Θ.
494 2437 549 2503 καὶ
573 2440 646 2506 ἐπεί
667 2438 757 2505 ἐστιν
780 2435 824 2518 ὡς
848 2436 866 2506 ὁ
890 2445 957 2507 BA
980 2437 1064 2525 πρὸς
1087 2436 1148 2507 τὸν

131 2551 210 2630 ΑΓ,
238 2541 345 2623 οὕτως
371 2541 409 2611 τὸ
443 2539 507 2611 ιἰιιό
535 2553 593 2630 τῆς
621 2551 683 2611 ΕΖ
710 2544 794 2631 πρὸς
821 2543 859 2613 τὸ
888 2543 953 2614 ἆτό
981 2555 1040 2632 τῆς
1069 2553 1148 2631 ΖΗ,

132 2650 377 2736 ἀναστρέψαντι
396 2648 462 2738 ἅμα
481 2650 571 2718 ἐστὶν
585 2647 630 2730 ὥς
650 2648 667 2718 ὁ
683 2658 747 2719 AB
766 2649 850 2739 πρὸς
866 2651 929 2720 τὸν
948 2658 1019 2737 ΒΓ,
1041 2650 1149 2733 οὕτως

131 2756 168 2826 τὸ
193 2755 257 2826 ἆττὸ
279 2767 338 2842 τῆς
360 2764 423 2824 ΕΖ
446 2754 528 2843 πρὸς
551 2756 589 2824 τὸ
614 2754 678 2825 ἀπὸ
703 2761 761 2843 τῆς
785 2765 821 2826 Θ.
868 2754 886 2825 ὁ
912 2758 949 2826 δὲ
972 2764 1040 2825 AB
1063 2758 1149 2845 πρὸς

78 2887 113 2937 25
130 2863 190 2933 τὸν
205 2869 270 2932 ΒΓ
280 2860 383 2950 λόγον
398 2867 475 2950 ἔχει,
495 2858 536 2930 ὃν
549 2861 756 2950 τετράγωνος
774 2861 919 2950 ἀριθμὸς
937 2863 1021 2952 πρὸς
1034 2863 1150 2952 τετρά-

104 2997 243 3058 ,νωνον
272 2968 437 3059 ἀριθμόν·
483 2970 538 3036 καὶ
566 2966 603 3037 τὸ
632 2967 697 3037 ἀπὸ
725 2974 784 3056 τῆς
812 2977 874 3037 ΕΖ
902 2969 969 3056 ἅμα
996 2969 1081 3055 πρὸς
1110 2968 1148 3039 τὸ

89 3123 91 3127 ⁷
131 3076 197 3147 ἀπὸ
220 3083 279 3165 τῆς
302 3085 330 3144 Θ
353 3076 457 3164 λόγον
480 3082 560 3163 ἔχει,
590 3072 631 3143 ὃν
658 3074 865 3165 τετράγωνος
895 3073 1042 3165 ἀριθμὸς
1063 3076 1150 3164 πρὸς

131 3184 344 3273 τετράγωνον
367 3180 524 3271 ἀριθμόν.
566 3182 750 3271 σύμμετρος
773 3181 839 3270 ἄρα
862 3183 953 3252 ἐστὶν
977 3180 998 3270 ἡ
1024 3191 1086 3251 ΕΖ
1109 3194 1148 3274 τῇ

205 3380 301 3450 Luc]
327 3395 484 3449 suprascr.
509 3378 634 3433 m.1V.
708 3384 733 3435 2.
753 3375 812 3433 ἐστὶ
830 3380 896 3451 καί]
922 3374 998 3434 ἐστίν
1017 3379 1048 3433 Β.
1123 3384 1149 3435 3.

131 3454 200 3525 ΑΓ]
223 3455 273 3506 ΓΑ
292 3450 377 3506 FVb.
413 3449 485 3505 Dein
504 3450 566 3505 add.
587 3445 712 3519 ἀριθμόν
731 3449 765 3507 V.
838 3455 863 3506 4.
883 3452 954 3521 ZH]
979 3454 1007 3504 H
1026 3467 1098 3505 erae.
1117 3451 1148 3506 Ε.

170 3521 236 3578 ὁδέ
258 3555 288 3563 -
311 3528 335 3577 ὅ.
354 3517 492 3592 ἀριθμόν]
511 3539 568 3591 mg.
588 3520 711 3576 m.2B.
767 3526 790 3576 5.
810 3514 874 3575 8νὸ
894 3520 923 3575 Ε.
981 3527 1006 3577 8.
1026 3516 1103 3576 ἐστιν
1117 3521 1148 3577 Β.
