2474 3908
506 150 693 201 APPENDIX.

409 399 460 463 Ad
481 399 555 463 libr.
577 293 722 484 llssprop.
745 399 797 464 36.

163 521 304 588 Uooauit
328 527 436 587 autem
459 544 530 586 eam
550 544 589 587 ex
609 522 735 587 duobus
754 523 949 605 nominibus,
973 523 1049 607 quia
1069 546 1107 588 ex

99 629 223 692 duabus
247 629 464 694 rationalibus
488 629 669 712 composita
692 633 755 713 est,
785 630 914 714 proprie
938 630 1109 713 rationale,

97 739 256 818 quatenus
279 736 439 800 rationale
464 739 523 818 est,
545 757 679 800 nomen
703 757 832 800 uooana

406 1053 458 1118 Ad
481 1054 555 1118 libr.
577 949 720 1137 {prop
744 1054 797 1118 37.
828 1122 831 1127 ,

163 1178 304 1243 erauit
336 1182 443 1242 autem
477 1199 548 1241 eam
582 1199 621 1241 ex
655 1177 780 1241 duabus
812 1177 927 1242 mediis
958 1179 1108 1262 primam,

97 1285 174 1369 quia
207 1283 347 1368 spatium
379 1284 537 1349 rationale
566 1283 854 1368 comprehendunt,
886 1287 920 1348 et
947 1284 1107 1348 rationale

93 1390 314 1475 principatum
337 1389 446 1454 habet.

407 1673 457 1738 Ad
480 1673 551 1737 libr.
575 1567 616 1736 ll8
628 1694 720 1756 prop.
744 1674 794 1738 38.

161 1797 303 1862 erauit
330 1800 439 1860 autem
467 1817 538 1859 eam
567 1817 606 1859 ex
634 1796 758 1860 duabus
781 1795 896 1860 mediis
921 1797 1107 1877 secundam,

96 1904 173 1989 quia
195 1901 337 1966 medium
361 1900 638 1985 comprehendunt
656 1902 890 1986 reetangulum,
914 1905 947 1965 et
965 1902 1107 1966 medium

94 2008 248 2074 rationali
269 2007 488 2093 postponitur.
603 2037 605 2040 ·

94 2220 289 2305 prehensum
312 2219 502 2284 irrationale
519 2241 599 2303 esse,
623 2220 765 2302 adparet.
801 2241 878 2284 nam
902 2221 929 2283 si
948 2220 1106 2284 rationale

95 2331 147 2391 est
170 2330 203 2391 et
225 2332 333 2391 rectae
356 2325 511 2391 rationali
536 2326 734 2410 adplicatum
758 2328 821 2408 eat,
846 2325 945 2389 etiarn
969 2326 1107 2390 alterum

95 2433 164 2497 eius
187 2434 272 2497 latus
296 2432 455 2497 rationale
478 2436 528 2496 est
557 2435 662 2517 [prop.
685 2431 769 2512 XX].
816 2436 850 2496 at
872 2431 958 2495 idern
982 2431 1107 2495 irratio-

94 2540 170 2604 nale
203 2543 266 2624 est3
303 2539 389 2623 quod
422 2538 596 2604 absurdum
625 2542 683 2603 est.
733 2558 810 2623 ergo
839 2539 983 2621 spatium
1010 2538 1105 2603 rectis

94 2646 247 2710 rationali
271 2648 303 2710 et
326 2645 509 2710 irrationali
533 2644 800 2728 comprehensum
823 2645 1010 2710 irrationale
1034 2650 1092 2711 est.

404 2942 457 3008 Ad
479 2944 551 3007 libr.
574 2840 719 3028 liaprop.
743 2943 794 3008 39.

160 3069 301 3135 Uooauit
338 3071 446 3133 autem
488 3089 559 3131 earn
601 3067 775 3150 maiorem,
816 3069 893 3151 quia
934 3068 1105 3133 rationalia

94 3171 328 3257 ΑΒῖ-Ι-ΒΓ2
365 3173 489 3238 maiora
526 3178 603 3237 sunt
639 3174 744 3238 medio
782 3174 1033 3257 ΞΛΒΧΒΓ,
1073 3181 1106 3240 et

96 3347 223 3418 τερεύειν
241 3351 272 3405 F.
350 3355 375 3404 6.
396 3345 530 3404 ἐκάλεσεν
547 3347 633 3403 PBF.
710 3346 754 3419 τό]
773 3345 805 3403 τὸ
825 3345 856 3403 τό
875 3349 937 3406 FV.
1015 3356 1039 3405 8.
1060 3349 1106 3424 δέ]

96 3419 197 3488 (priua)
216 3435 270 3475 om.
285 3421 319 3476 V.
375 3426 399 3476 9.
420 3416 479 3475 ἐστι
492 3420 553 3488 BV,
573 3436 663 3489 comp.
677 3420 731 3475 rb.
788 3427 829 3475 11.
848 3417 955 3490 πλευρὰ
970 3416 1059 3476 αὐτοῦ
1074 3423 1105 3478 F.

133 3495 174 3544 13.
194 3485 330 3546 ἐκάλεσεν
349 3491 432 3547 Par.
496 3497 537 3548 15.
556 3490 648 3562 μέσων
668 3490 775 3547 PBFb.
