2474 3908
392 148 668 201 ELEMENTORUM
686 149 795 199 LIBER
813 149 846 200 X.
1109 146 1128 209 7

108 295 286 361 diuisiones
309 294 409 379 igitur
432 296 514 371 ΑΚ,
538 295 571 355 K
577 295 618 375 Θ,
641 296 703 357 ΘΒ
727 312 861 356 numero
886 292 1037 375 aequales
1062 292 1128 356 sint

108 401 325 466 diuisionibus
348 405 383 464 A
389 404 425 484 Z,
445 401 521 483 ZH,
541 402 618 464 HE.
641 402 674 462 ct
692 398 847 482 quoniam
871 403 940 462 ΔΕ
952 407 987 472 >
1002 404 1034 463 A
1039 402 1076 484 Β,
1095 402 1129 464 et

109 531 130 572 a
153 511 223 572 AE
245 507 351 571 minus
375 529 472 592 quam
496 505 665 570 dimidium
689 506 891 571 subtractum
916 510 966 570 est
984 508 1062 589 ΕΗ,
1086 506 1127 570 ab

109 619 174 678 AB
199 616 307 678 autem
330 614 405 697 plus
428 635 523 694 quam
547 611 715 677 dimidium
738 616 813 696 ΒΘ,
837 612 899 676 erit
916 615 991 676 HA
1004 623 1038 687 >
1053 616 1128 680 uA.

109 727 142 786 et
164 719 317 804 quoniam
340 722 414 783 HA
427 729 461 793 >
477 722 551 803 ΘΑ,
574 722 606 782 et
629 719 670 783 ab
694 722 767 782 HA
790 718 958 783 dimidium
982 719 1127 784 subtrac-

108 829 179 890 tum
204 829 254 891 est
276 829 354 910 HZ,
378 848 397 890 a
420 828 485 889 ΘΑ
509 827 618 890 autem
642 825 715 908 plus
739 846 835 910 quam
859 823 1027 888 dimidium
1051 828 1127 910 ΘΚ,

108 932 171 996 crit
184 936 250 996 AZ
263 942 298 1006 >
314 935 391 996 ΑΚ.
405 952 519 996 uerum
535 936 601 996 AZ
617 961 658 984 =
673 933 708 996 Γ.
728 952 827 1016 quare
843 931 943 996 etiam
957 933 1033 1005 Γ>
1049 935 1128 997 ΑΚ.

108 1041 382 1124 ωμΑΚ<Π

175 1144 264 1230 Ergo
296 1167 335 1210 ex
366 1143 590 1228 magnitudine
618 1149 683 1209 AB
710 1144 904 1227 relinquitur
933 1143 1124 1228 magnitudo

108 1255 180 1316 ΑΚ
215 1251 322 1316 minor
353 1251 522 1335 proposita
555 1250 776 1335 magnitudine
809 1250 934 1314 minore
967 1253 1008 1334 Γ,
1041 1250 1127 1334 quod

107 1360 179 1422 erat
201 1357 495 1423 demonstrandum.
523 1403 528 1415 .

176 1462 335 1529 Similiter
373 1467 481 1528 autem
515 1462 804 1546 demonstrabitur,
837 1463 935 1527 etiam
970 1465 1012 1547 si,
1044 1486 1127 1549 quae

108 1570 354 1653 subtrahuntur,
379 1568 512 1633 dimidia
536 1572 619 1635 sunt.

506 1744 634 1835 .H‘

176 1869 211 1934 Si
233 1891 273 1934 ex
301 1870 424 1935 duabus
448 1870 727 1954 magnitudinibus
751 1870 976 1955 inaequalibus
1000 1871 1125 1936 minore

108 1997 238 2060 semper
255 1975 403 2042 uicissim
423 1999 443 2041 a
461 1975 585 2042 maiore
602 1977 769 2042 subtracta
783 1976 945 2062 reliquum
959 1999 1128 2062 nunquam

106 2083 356 2167 praecedentem
381 2083 636 2169 magnitudinem
659 2083 802 2168 metitur,
825 2084 1064 2168 magnitudines
1078 2084 1126 2148 in-

108 2188 419 2254 commensurabiles
443 2192 546 2255 erunt.

174 2295 270 2360 Datis
304 2295 391 2360 enim
427 2295 551 2360 duabus
586 2295 865 2381 magnitudinibus
899 2296 1124 2381 inaequalibus

109 2407 141 2466 A
148 2407 184 2485 B,
208 2405 274 2466 ΓΛ
298 2401 404 2466 minor
428 2401 471 2467 sit
489 2406 565 2485 AB,
588 2406 622 2466 et
644 2401 768 2468 minore
792 2424 918 2486 semper
940 2402 1086 2468 uicissim
1106 2427 1126 2469 a

214 2561 239 2612 Ε
455 2561 486 2612 H
720 2510 841 2575 maiore
861 2510 1028 2575 subtracta
1050 2510 1126 2575 reli-

179 2629 275 2665 t-l
392 2616 692 2667 Al-l-l--lss
721 2637 819 2700 quum
830 2637 870 2679 ne
880 2637 1022 2700 unquam
1032 2638 1124 2699 prae-

220 2739 241 2788 Z
721 2722 886 2786 cedentem
927 2721 1124 2808 magnitudi-

110 2791 693 2843 P*¹-—“⁴‘—'A
723 2849 797 2891 nem
828 2827 989 2892 metiatur.
1042 2828 1126 2914 dico,

109 2931 348 3017 magnitudines
372 2938 404 2997 A
411 2937 447 3017 Β,
465 2936 533 2998 ΓΔ
555 2933 897 3000 incommensurabiles
921 2954 999 2998 esse.

175 3038 262 3104 Nam
291 3039 319 3103 si
347 3041 653 3105 commensurabiles
683 3044 771 3124 sunt,
801 3041 992 3124 magnitudo
1016 3041 1126 3125 aliqua

107 3168 163 3211 eas
187 3147 347 3211 metietur.
379 3147 541 3229 metiatur,
565 3147 593 3210 si
611 3147 683 3211 fieri
700 3149 818 3230 potest,
837 3149 870 3209 et
889 3146 932 3210 sit
950 3150 987 3212 Ε.
1008 3150 1040 3212 et
1058 3151 1124 3211 AB

107 3251 365 3337 magnitudinem
386 3256 452 3315 ZA
471 3254 607 3340 metiens
632 3275 665 3317 se
688 3254 761 3336 ipsa
784 3254 939 3318 minorem
961 3253 1125 3338 relinquat

106 3427 172 3497 ZA]
193 3428 263 3481 mut.
283 3426 312 3480 in
332 3430 383 3480 ΓΔ
401 3445 437 3482 m.
457 3433 473 3482 2
493 3428 524 3496 Β,
543 3447 580 3482 m.
600 3444 654 3483 ree.
673 3428 702 3497 b;
722 3432 774 3481 ΔΖ
793 3444 891 3483 eoorr.
907 3427 968 3483 PV.
1043 3424 1124 3482 ἐλάσ-

107 3516 177 3553 σονα
196 3496 227 3567 Ρ,
246 3497 296 3552 sed
315 3516 334 3551 α
352 3497 406 3552 del.
