2474 3908
54 168 118 234 104
439 171 640 224 ΣΤΟΙΧΕΙΩΝ
658 166 686 224 ι’.

52 315 152 400 διπλῆ
185 313 275 381 ἐστιν
306 310 327 399 ἡ
355 318 423 380 ΒΓ
444 316 503 399 τῆς
530 317 612 396 ΔΖ,
646 309 825 379 διπλάσιον
853 307 919 397 άρα
945 309 1001 377 καὶ
1028 313 1070 379 τδ

50 417 118 488 ὑπὸ
140 422 208 487 τών
232 426 309 504 AB,
332 423 398 486 ΒΓ
416 422 478 486 τοῦ
500 414 566 486 ὑπὸ
589 421 657 486 τών
681 424 758 502 ΑΒ,
781 424 856 485 ΖΔ.
903 418 1006 505 ῥητὸν
1032 415 1071 485 δέ

51 528 89 594 τὸ
113 523 179 593 ὑπὸ
202 530 270 594 τών
290 533 366 611 AB,
384 531 459 593 ΒΓ·
483 526 585 613 ῥητὸν
604 522 671 611 ἄρα
688 524 744 592 καὶ
762 526 799 592 τὸ
818 520 884 592 ὑπὸ
903 527 970 591 τών
989 530 1069 609 ΑΒ,

52 637 127 699 ΖΔ.
159 633 196 698 τδ
217 631 254 698 δὲ
272 628 338 699 ὑπὸ
361 633 429 699 τών
452 637 530 716 ΑΒ,
550 638 617 698 ΖΔ
640 638 716 699 ίσον
739 639 785 722 τῷ
810 626 876 698 ὑπὸ
899 632 967 698 τών
986 638 1073 716 ΑΔ,

16 745 132 808 σΔΒ·
158 735 241 805 ώστε
263 738 319 805 καὶ
342 740 380 806 τὸ
404 734 469 805 ὑπὸ
492 740 561 806 τών
584 746 666 822 ΑΔ,
690 744 756 804 ΔΒ
781 735 883 825 ῥητόν
907 738 1007 805 ἐστιν.

119 841 290 931 Εὕρηνται
313 842 380 933 άρα
405 843 468 912 δύο
493 841 625 912 εὐθεῖαι
645 843 786 930 δυνάμει
805 840 1010 930 ἀσύμμετροι
1034 845 1077 909 αί

51 960 135 1036 AA,
156 959 224 1019 AB
251 954 409 1019 ποιοῦσαι
431 953 469 1018 τὸ
495 950 583 1037 [μὲν]
608 955 827 1036 συγκείμενον
850 951 886 1017 ἐκ
912 959 982 1017 τών
1008 946 1069 1015 ἄπ’

51 1055 163 1126 ἀὐτῶν
194 1056 412 1145 τετραγώνων
444 1059 562 1144 μέσον,
594 1059 633 1125 τὸ
662 1053 693 1123 δ’
724 1053 781 1124 ὑπ’
812 1053 923 1124 αὐτών
952 1053 1075 1144 ῥητόν·

51 1161 133 1251 ὅπερ
157 1167 225 1232 ἔδει
250 1166 363 1246 δείξαι.

15 1379 32 1428 0
532 1340 585 1409 λε’.

118 1463 267 1553 Εὑρεῖν
298 1465 370 1533 δύο
404 1462 568 1544 εὐθείας
596 1463 764 1553 δυνάμει
791 1461 1076 1552 ἀσυμμέτρους

50 1571 248 1651 ποιούσας
269 1570 314 1640 τό
337 1598 375 1640 τε
399 1577 663 1658 συγκείμενον
686 1574 726 1640 ἐκ
748 1574 826 1641 τών
850 1568 911 1639 ἀπ’
938 1568 1075 1641 αὐτῶν

50 1675 309 1764 τετραγώνων
333 1677 454 1764 μέσον
477 1672 605 1744 καὶτὸ
630 1673 692 1743 ὑπ’
714 1674 844 1746 αὐτών
863 1678 985 1763 μέσον
1003 1678 1073 1747 καὶ

51 1787 108 1852 έτι
131 1781 385 1869 άσάμμετρον
408 1784 458 1873 τώ
483 1782 726 1872 συγκειμένῳ
750 1783 789 1849 ἐκ
812 1784 888 1849 τών
911 1777 974 1849 ἄπ’
1000 1780 1074 1851 αὕ-

15 1909 32 1960 σ
50 1893 127 1958 τών
150 1888 389 1977 τετραγώνῳ.

114 1992 362 2062 Ἐκκείσθωσαν
387 1990 449 2061 δύο
472 1994 570 2080 μέσαι
594 1992 735 2079 δυνάμει
758 1990 867 2078 μόνον
885 1993 1073 2083 σύμμετροι

51 2103 89 2168 αί
109 2108 185 2187 AB,
203 2107 270 2169 ΒΓ
287 2101 390 2189 μέσον
408 2100 632 2188 περιέχουσαι,
657 2095 741 2166 ώστε
763 2096 826 2186 τὴν
844 2108 910 2168 ΑΒ
928 2105 987 2188 τῆς
1006 2108 1080 2172 ΒΓ
1169 2184 1172 2189 ,

50 2214 163 2294 μεῖζον
191 2208 362 2276 δύνασθαι
390 2211 436 2298 τῷ
460 2202 526 2274 άπὸ
551 2204 766 2293 ἀσυμμέτρου
789 2206 907 2295 ἑαυτῇ,
936 2206 993 2275 καὶ
1015 2235 1071 2295 γε-

50 2313 197 2402 γράφθω
231 2314 281 2381 ἐπὶ
314 2317 373 2400 τῆς
400 2319 465 2379 AB
495 2309 697 2400 ἡμικύκλιον
723 2310 760 2380 τὸ
792 2320 911 2398 ΑΔΒ,
942 2314 999 2382 καὶ
1026 2314 1070 2383 τά

15 2418 150 2494 ολοιπά
172 2419 336 2505 γεγονέτω
359 2430 429 2497 τοῖς
451 2416 563 2486 έπάνω
586 2413 719 2505 ὁμοίως.

117 2526 185 2593 Καὶ
214 2525 283 2593 ἐπεὶ
310 2522 519 2613 άσάμμετρός
549 2527 640 2594 ἐστιν
670 2522 691 2613 ἡ
718 2532 784 2593 ΑΖ
810 2529 851 2615 τῇ
875 2533 937 2594 ΖΒ
958 2525 1069 2615 μήκει,

50 2629 260 2718 ἀσύμμετρός
283 2632 351 2699 ἐστι
373 2632 429 2699 καὶ
453 2629 563 2718 ἡΑΔ
580 2636 621 2721 τῇ
640 2639 709 2700 ΔΒ
728 2631 879 2720 δυνάμει.
921 2632 978 2701 καὶ
997 2635 1069 2703 ἐπεὶ

49 2738 154 2825 μέσον
177 2737 246 2804 ἐστὶ
268 2736 305 2805 τὸ
329 2734 394 2806 άπὸ
418 2741 476 2824 τῆς
494 2746 577 2825 ΑΒ,
601 2740 704 2826 μέσον
723 2736 789 2826 άρα
806 2738 863 2807 καὶ
880 2736 918 2807 τὸ
938 2746 1067 2827 συγκεί-

49 2869 153 2932 μενον
176 2845 212 2912 έκ
234 2848 302 2913 τών
329 2841 394 2912 άπὸ
423 2847 491 2912 τών
519 2853 605 2929 ΑΔ,
629 2852 705 2914 ΑΒ.
750 2845 806 2912 καὶ
834 2845 905 2914 ἐπεὶ
931 2844 970 2933 τὸ
998 2842 1067 2916 ὑπὸ
1165 2858 1168 2865 “

122 3028 146 3077 1.
166 3023 268 3094 διπλῆ]
288 3025 443 3110 διπὲασίων
464 3023 562 3108 Thpon
581 3021 714 3093 (BFVb).
787 3029 812 3080 2.
830 3023 894 3095 τοῦ]
914 3041 930 3079 θ
948 3040 1018 3080 corr.
1037 3023 1067 3080 F.

48 3091 694 3246 ωδάέεᾞτδξώέιεαάάάιίάσιάάιικάάρσῖάέέέώὲοάδά,
702 3093 737 3235 ἐξ
755 3094 1071 3251 &VpsszpzszAI-Jq

49 3240 235 3392 girzqfimbpz
251 3236 463 3378 afflig?
483 3240 587 3378 0¹th
603 3234 761 3362 Ῑώάιέῗδώ).
806 3236 1065 3378 δέᾘάέέέντῗάκῖτὲ

86 3396 238 3448 συμμετροι
256 3377 286 3445 Ρ,
307 3394 376 3433 corr.
395 3396 431 3432 m.
453 3384 476 3434 1.
551 3385 575 3435 7.
595 3377 660 3464 μέγ]
679 3394 733 3434 om.
753 3377 784 3433 P.
844 3383 868 3434 8.
887 3376 1067 3450 τετράγωνον

47 3447 119 3504 Fet
136 3448 175 3516 V,
200 3449 249 3504 sed
272 3465 341 3504 corr.
414 3446 447 3504 δέ
470 3449 501 3505 F.
574 3455 599 3505 9.
623 3468 693 3519 οπερ
713 3447 773 3504 ἔδει
791 3450 900 3522 δεῖξαι]
925 3466 1015 3521 comp.
1034 3449 1067 3518 P,

49 3537 104 3578 om.
122 3519 236 3577 BFVb.
299 3525 340 3577 10.
359 3518 399 3578 λς’
419 3519 449 3591 Ε,
468 3536 536 3576 corr.
551 3539 588 3575 m.
605 3526 629 3575 1.
689 3526 730 3575 18.
748 3517 927 3591 τετράγωνον
945 3522 974 3592 b,
992 3524 1022 3579 et
1034 3519 1067 3593 F,
