2474 3908
392 151 667 203 unaucuroaun
683 152 793 203 umus
810 134 844 202 ir.
1028 170 1030 174 ’
1060 149 1126 214 353

74 332 79 336 ·
108 316 236 360 nomen·
253 295 307 362 sit.
351 295 463 380 itaque
486 297 570 376 AH,
584 299 658 358 ΗΕ
677 294 855 360 rationales
879 297 957 359 sunt
978 295 1126 378 potentia
1190 354 1203 373 ,

107 405 239 466 tantum
264 400 585 484 commensurabiles,
609 404 642 464 et
664 398 756 465 AH²
786 401 911 465 excedit
940 398 1022 464 ΗΕ2
1050 423 1128 486 que-

110 508 207 574 drato
234 512 342 574 rectae
371 508 435 572 sibi
462 508 779 590 commensurabilis,
812 510 844 572 et
876 508 981 572 maius
1003 528 1129 571 nomen

111 619 145 677 Λ
152 619 192 678 Η
217 613 370 678 rationali
393 613 582 697 propositae
605 616 675 677 ΔΓ
698 613 903 700 longitudine
929 635 1129 679 commensu-

113 721 219 785 rebile
241 723 292 785 est
316 720 401 800 [deli.
419 720 475 784 alt.
494 721 538 801 1].
575 720 693 803 ‚itaque
718 719 817 784 etiarn
841 723 907 783 ΔΖ
929 724 1036 785 reciae
1056 723 1134 784 ΔΗ

113 825 320 911 longitudine
349 825 651 890 commensurabilis
680 828 729 890 est
759 827 867 910 [prop.
891 825 983 908 XII].
1028 848 1129 910 quare

111 933 211 997 etiam
234 930 363 1016 reliqua
386 935 455 995 HZ
482 933 590 996 rectae
614 936 647 995 Δ
654 934 680 994 Ζ
703 932 905 1016 longitudine
930 954 1130 997 commensu-

110 1038 224 1103 rabilis
251 1042 303 1103 est
329 1041 437 1122 [prop.
459 1036 550 1118 XV].
595 1059 709 1103 uerum
732 1042 813 1120 ΔΖ,
837 1041 900 1102 ΕΖ
928 1038 1129 1119 longitudine

110 1131 459 1210 incommensurabiles
484 1147 568 1208 sunt.
615 1166 713 1228 quare
742 1146 840 1210 etiam
870 1147 949 1226 ZH,
973 1147 1035 1211 ΕΖ
1062 1144 1131 1208 lon-

112 1251 260 1335 gitudine
283 1250 628 1316 incommensurabiles
652 1254 729 1316 sunt
752 1252 857 1334 [prop.
875 1250 992 1333 xlm:
1020 1250 1130 1334 itaque

115 1361 155 1422 H
158 1362 199 1441 Z,
223 1362 288 1422 ΖΕ
312 1356 488 1422 rationales
513 1360 589 1421 sunt
610 1357 758 1440 potentia
780 1360 908 1421 tantum
924 1377 1131 1420 commensu-

111 1464 246 1528 rabiles.
272 1467 347 1528 ΕΗ
356 1462 459 1548 igitur
474 1466 626 1546 apotome
641 1466 691 1528 est
706 1466 811 1548 [prop.
825 1461 990 1543 LXXIII].
1017 1485 1131 1527 uerum

113 1571 228 1636 eadem
252 1570 423 1636 rationalis
435 1573 511 1654 .est;
534 1570 620 1655 quod
642 1569 713 1634 fieri
735 1592 802 1635 non
824 1573 943 1655 potest.

181 1678 274 1762 Ergo
297 1680 448 1760 apotome
472 1676 586 1741 eadem
609 1682 676 1741 noir
700 1680 750 1742 cst
773 1700 811 1742 ac
833 1681 922 1742 recta
946 1699 984 1740 ex
1006 1675 1131 1740 duobus

112 1783 318 1865 nominibus3
342 1783 428 1866 quod
452 1785 522 1846 erat
545 1781 840 1847 demonstrandum.

185 2047 347 2131 Apotome
362 2048 395 2109 et
408 2045 613 2110 irrationales
629 2066 700 2108 eam
711 2048 881 2128 sequentes
891 2065 995 2128 neque
1007 2045 1133 2111 mediae

114 2175 222 2239 neque
247 2155 332 2217 inter
357 2175 390 2217 se
413 2151 544 2246 eaedem
568 2155 652 2216 sunt.
695 2173 770 2215 nam
795 2151 987 2235 quadratum
1010 2150 1134 2216 mediae

114 2264 222 2325 rectae
254 2258 410 2324 rationali
438 2259 635 2343 adplicatum
665 2257 874 2323 latitudinem
903 2258 1004 2323 efficit
1032 2259 1134 2323 ratio-

114 2367 226 2432 nalem
249 2370 282 2431 et
305 2371 425 2449 rectae,
456 2367 509 2431 cui
540 2365 738 2450 adplicatum
767 2368 831 2448 est,
861 2364 1064 2450 longitudine
1088 2366 1138 2430 in·'

115 2471 445 2539 commensurabilem
483 2474 593 2556 [prop.
624 2470 751 2555 ΧΧΙΙ],
794 2471 989 2555 quadratum
1026 2476 1136 2537 autem

116 2582 291 2664 apotomes
314 2578 468 2644 rationali
493 2577 691 2661 adplicatum
714 2576 922 2641 latitudinem
941 2577 1041 2644 efficit
1060 2601 1135 2663 epo-

115 2690 230 2751 tomen
245 2685 384 2769 primam
400 2689 505 2770 [prop.
514 2683 662 2767 XOVIH,
677 2684 871 2768 quadratum
887 2688 995 2776 autem
1010 2685 1135 2750 mediae

117 2794 290 2875 apotomes
300 2790 424 2874 primae
440 2792 595 2856 rationali
605 2790 802 2875 adplicatum
817 2789 1024 2855 latitudinem
1034 2791 1136 2855 efficit

118 2900 293 2981 apotomen
314 2896 487 2960 secundem
508 2898 611 2979 [prop.
626 2894 790 2977 novun,
814 2895 1008 2981 quadratum
1028 2899 1136 2961 eutem

124 3060 280 3068 ————-

118 3143 179 3198 PV.
264 3147 305 3198 11.
331 3141 395 3213 ΕΖ]
420 3143 491 3196 mut.
509 3141 539 3195 in
564 3144 615 3195 ΖΕ
638 3139 671 3195 V.
754 3136 810 3207 ἄρα
835 3135 909 3212 ἔστί]
933 3137 966 3195 δέ
989 3140 1019 3195 in
1042 3156 1094 3194 ras.
1119 3146 1136 3195 4

118 3215 177 3269 litt.
198 3235 228 3283 φ.
304 3219 345 3267 12.
366 3208 441 3267 ἐστίν
460 3212 491 3267 P.-
563 3212 632 3267 Post
650 3207 735 3281 μήκει
753 3210 816 3266 add.
836 3212 888 3264 καί
904 3210 959 3266 εἰσι
978 3207 1063 3280 ῥηταί
1079 3229 1136 3282 mg.

121 3304 157 3339 m.
178 3292 193 3339 2
213 3284 245 3341 B.
311 3291 352 3339 13.
372 3282 426 3339 εἰσι
460 3301 513 3338 orn.
533 3282 593 3337 PV.
659 3288 699 3338 14.
719 3281 791 3352 ΕΗ]
811 3298 879 3337 corr.
895 3300 930 3338 ex
949 3286 1006 3336 HE
1025 3283 1059 3352 V,
1080 3285 1138 3337 ΗΕ

124 3354 154 3423 Ρ,
174 3358 237 3410 ΕΝ
253 3376 284 3424 φ.
341 3351 418 3422 leri
453 3356 525 3426 (alt.)
545 3371 599 3409 om.
618 3353 645 3409 b.
702 3360 742 3409 16.
763 3349 832 3423 ὅπερ
848 3352 907 3409 ἔδει
922 3354 1030 3477 betica}
1048 3370 1138 3424 comp.

119 3427 150 3494 P,
171 3442 225 3481 om.
246 3425 328 3482 BFb.
403 3433 444 3481 1⁷.
464 3419 600 3497 πόρισμα]
620 3443 673 3481 om.
692 3426 724 3493 P,
742 3421 800 3495 (κγ’
820 3425 906 3494 Bvb,
926 3424 985 3494 μα’
1032 3469 1038 3481 .
1094 3430 1137 3477 21.

119 3497 170 3568 τῇ]
196 3518 223 3552 τι
241 3497 268 3551 b.
345 3503 388 3552 22.
412 3493 487 3570 cino]
513 3515 569 3554 om.
587 3497 617 3553 F.

173 3596 324 3647 Euclides,
338 3596 388 3637 edd.
402 3597 504 3646 Helbcrg
518 3599 541 3637 et
555 3596 645 3646 Menge.
671 3597 716 3636 111.
941 3590 976 3636 23
