2474 3908
148 149 215 215 260
445 169 449 174 ·
535 150 735 203 ΣΤΟΙΧΕΙΩΝ
754 150 781 206 ι’.

148 295 248 379 ῥηταί
269 295 333 360 είσι
356 289 498 378 δυνάμει
517 290 625 377 μόνον
649 290 844 378 σύμμετροι·
871 289 892 378 ἡ
913 297 980 359 ΒΓ
1000 290 1065 381 ἄρα
1085 291 1170 361 ἆτο-

148 399 232 485 τομή
257 399 356 467 ἐστιν.

214 504 312 590 Λέγω
336 504 391 591 δή,
415 502 465 572 ὅτι
488 504 544 570 καὶ
568 504 717 589 δευτέρα.

220 603 274 678 Ὧι
297 609 363 698 γὰρ
386 610 497 696 μεῖζόν
518 612 586 678 ἐστι
609 608 647 677 τὸ
671 607 736 677 ἀπὸ
759 621 819 696 τῆς
841 617 914 677 ΒΗ
934 614 997 678 τοῦ
1019 607 1085 679 ἀπὸ
1111 616 1170 698 τῆς

114 740 130 788 σ
149 721 227 801 ΗΓ,
252 721 335 784 ἔστω
358 714 396 783 τὸ
420 712 485 783 ιἰτιὸ
508 719 567 801 τῆς
590 722 627 783 Θ.
674 716 743 783 ἐπεὶ
767 707 830 784 οὖν
854 718 945 783 ἐστιν
971 713 1015 794 ὡς
1037 717 1076 784 τὸ
1101 714 1168 786 ἀπὸ

148 825 207 908 τῆς
229 829 303 889 ΒΗ
320 823 404 911 πρὸς
425 822 464 890 τὸ
486 819 551 890 ἀπὸ
576 826 634 908 τῆς
656 828 735 907 ΗΓ,
760 820 866 901 οὕτως
889 819 907 890 ὁ
927 828 995 888 ΕΔ
1019 819 1168 910 ἀριθμὸς

149 925 233 1015 πρὸς
260 927 319 996 τὸν
344 936 409 996 ΔΖ
437 927 602 1016 ἀριθμόν,
630 926 877 1016 ἀναστρέψαντι
905 925 971 1013 ἄρα
999 929 1091 996 ἐστὶν
1120 927 1169 1009 ὥς

149 1034 187 1102 τὸ
212 1032 277 1102 ἀπὸ
305 1040 365 1121 τῆς
388 1041 461 1101 ΒΗ
485 1033 569 1120 πρὸς
595 1032 633 1101 τὸ
662 1031 727 1100 ἀπὸ
754 1037 812 1119 της
840 1040 883 1117 Θ,
917 1031 1024 1113 οὕτως
1052 1031 1070 1102 ὁ
1095 1043 1170 1103 ΔΕ

150 1143 234 1227 πρὸς
252 1140 312 1209 τὸν
336 1148 407 1210 ΕΖ.
452 1145 512 1208 καί
533 1142 623 1208 ἐστιν
647 1138 802 1225 ἑκάτερος
824 1143 893 1206 τῶν
917 1147 1000 1225 ΔΕ,
1025 1148 1087 1207 ΕΖ
1114 1169 1165 1210 τε-

99 1269 132 1317 10
151 1246 338 1333 τρίγωνος·
374 1245 412 1314 τὸ
441 1244 508 1333 ἄρα
536 1243 600 1314 ἀπὸ
624 1250 683 1332 τῆς
706 1252 778 1312 ΒΗ
801 1244 885 1331 πρὸς
907 1244 945 1314 τὸ
970 1244 1037 1315 ἀπὸ
1058 1251 1116 1334 τῆς
1140 1255 1171 1316 Θ

150 1352 255 1438 λόγον
280 1358 360 1440 ἔχει,
389 1352 430 1421 ὁν
452 1352 659 1440 τετράγωνος
681 1350 828 1440 ἀριθμὸς
851 1350 933 1439 πρὸς
956 1352 1169 1439 τετράγωνον

151 1457 315 1544 ἀριθμόν·
340 1459 525 1546 σύμμετρος
544 1457 610 1547 ι’ίρα
630 1458 720 1527 ἐστὶν
739 1456 760 1545 ἡ
779 1466 853 1526 ΒΗ
866 1463 906 1547 τῇ
926 1466 954 1526 Θ
977 1458 1080 1546 μήκει.
1108 1460 1168 1526 καὶ

152 1563 294 1639 δύναται
318 1562 338 1650 ἡ
362 1571 436 1631 ΒΗ
453 1575 510 1651 τῆς
533 1572 605 1633 ΗΓ
623 1571 736 1651 μεῖζον
758 1569 804 1657 τῷ
829 1562 894 1632 ἀπὸ
917 1569 976 1651 τῆς
994 1572 1035 1632 Θ·
1058 1562 1079 1651 ἡ
1098 1573 1175 1634 ΒΗ

151 1667 219 1756 ἄρα
241 1673 301 1756 τῆς
318 1676 390 1738 ΗΓ
408 1676 520 1757 μεῖζον
545 1669 686 1738 δύναται
706 1674 753 1763 τῷ
773 1668 838 1738 ἆτιὸ
859 1671 1049 1757 συμμέτρου
1068 1672 1171 1761 ἑαυτῇ

100 1800 135 1849 15
153 1774 257 1866 μήκει.
294 1781 353 1844 καί
369 1779 460 1844 ἐστιν
478 1774 499 1864 ἡ
514 1775 793 1865 προσαρμόζουσα
811 1772 833 1862 ἡ
852 1782 924 1844 ΓΗ
936 1785 977 1864 τῇ
997 1777 1171 1868 ἐκκειμένῃ

153 1884 236 1970 ῥητῇ
252 1879 438 1969 σύμμετρος
451 1885 491 1972 τῇ
505 1892 545 1951 A.
570 1879 592 1968 ἡ
606 1887 674 1950 ΒΓ
686 1880 753 1968 ἄρα
767 1878 921 1969 ἀποτομή
937 1885 1005 1952 ἐστι
1020 1885 1172 1970 δευτέρα.

220 1986 370 2076 Βλῖίρηται
398 1986 464 2077 ἄρα
492 1990 632 2076 δευτέρα
659 1985 809 2076 ἀποτομὴ
837 1985 858 2074 ἡ
883 1995 957 2056 ΒΓ·
994 1986 1076 2077 ὅπερ
1101 1993 1172 2057 ἔδει

153 2095 267 2176 δείξαι.

626 2216 696 2299 κζ’.

100 2366 135 2416 κο
221 2340 368 2430 Εὑρεῖν
391 2340 461 2430 τὴν
484 2346 619 2428 τρίτην
642 2340 860 2428 ἀποτομήν.

221 2447 404 2519 Ἐκκείσθω
419 2447 501 2538 ῥητὴ
516 2445 536 2535 ἡ
552 2456 595 2534 Α,
609 2448 665 2515 καὶ
681 2449 909 2517 ἐκκείσθωσαν
924 2461 1012 2537 τρεῖς
1025 2447 1172 2535 ἀριθμοὶ

154 2558 189 2621 ολ
210 2562 255 2639 Ε,
278 2561 354 2640 ΒΓ,
378 2562 441 2623 ΓΛ
463 2554 566 2640 λόγον
590 2552 634 2642 μη
659 2559 790 2641 ἔχοντες
811 2553 896 2641 πρὸς
918 2551 1099 2642 ἀλλήλους,
1129 2554 1171 2624 ὁν

152 2660 358 2745 τετράγωνος
380 2659 526 2747 ἀριθμὸς
548 2659 633 2749 πρὸς
654 2657 866 2745 τετράγωνον
889 2658 1055 2750 ἀρώμόν,
1088 2658 1106 2730 ὁ
1132 2663 1172 2729 δὲ

152 2771 214 2833 ΓΒ
228 2765 311 2854 πρὸς
323 2765 383 2834 τὸν
397 2773 465 2834 ΒΔ
484 2769 585 2853 λόγον
604 2769 716 2855 ἐχέτω,
735 2763 776 2835 ὃν
794 2767 1003 2854 τετράγωνος
1022 2764 1173 2853 ἀριθμὸς

222 2931 247 2980 2.
268 2922 326 2981 ἔστι
344 2924 431 2993 PBV,
452 2942 542 2997 comp.
561 2926 614 2983 Pb.
687 2934 712 2984 3.
732 2924 782 2997 δή]
802 2943 856 2982 om.
875 2925 909 2981 V.
984 2932 1008 2980 6.
1028 2920 1171 2999 ἄριθμός]

153 3014 207 3052 om.
226 2996 260 3052 V.
338 3001 363 3051 7.
387 2992 529 3069 ἀριθμόν]
553 3015 607 3053 om.
631 2999 666 3054 V.
746 3003 771 3052 8.
797 2993 902 3068 οὕτως]
923 3016 937 3051 ιι
959 2997 1014 3051 τῶν
1033 2999 1116 3066 (corr.
1137 3015 1173 3052 ex

152 3065 196 3154 τό)
215 3069 245 3122 F.
319 3064 351 3138 ὁ]
376 3083 460 3154 ερρτε.
477 3085 530 3124 scr.
548 3070 579 3124 F.
652 3068 726 3140 ΔΕ]
751 3071 807 3123 ΕΔ
825 3067 856 3124 F.
930 3074 972 3154 12.
993 3063 1084 3139 ἐστίν]
1111 3064 1173 3123 ἐστὶ

153 3158 238 3208 μηκει
256 3138 290 3192 V.
363 3139 463 3210 μηκει]
484 3156 538 3194 om.
556 3139 646 3209 FVb,
669 3159 707 3195 m.
726 3145 742 3194 2
761 3138 793 3194 B.
866 3138 914 3194 καί
933 3139 1074 3210 δυναται]
1095 3157 1133 3195 m.
1153 3147 1170 3194 2

154 3224 304 3276 suprascr.
319 3209 351 3278 B,
370 3207 552 3265 -όνα-ἱοτοι.
563 3211 597 3279 V,
615 3213 668 3265 καί
680 3208 822 3280 ἐστινΒλι,
840 3210 907 3264 Bm.
923 3215 945 3263 1.
1005 3215 1046 3264 13.
1067 3211 1173 3280 μείζων

153 3280 198 3333 Fb
218 3280 247 3333 et
264 3280 296 3345 B,
316 3280 366 3333 sed
384 3298 454 3336 corr.
472 3299 509 3336 m.
528 3287 557 3348 κς
577 3297 633 3350 seq.
651 3299 705 3338 ras.
725 3288 742 3336 6
760 3282 816 3337 litt.
835 3280 869 3336 V.
937 3281 988 3354 τῷ]
1007 3280 1037 3334 in
1055 3298 1111 3337 ras.
1131 3300 1171 3338 m.

155 3349 226 3417 1Β,
250 3351 300 3404 τοῦ
320 3352 345 3404 b.
418 3351 483 3422 τῆς]
503 3368 557 3406 om.
576 3352 610 3406 V.
682 3348 701 3421 ἡ
720 3357 779 3407 ΒΗ
796 3384 830 3394 -
850 3357 891 3408 14.
911 3349 1088 3423 συμμέτρου]
1113 3371 1171 3424 mg.

153 3439 189 3475 m.
211 3427 225 3475 1
245 3420 272 3475 V
290 3423 460 3493 (συμμέτρου
479 3422 564 3476 etiam
583 3422 613 3476 in
630 3425 729 3492 textu).
791 3430 832 3480 14.
852 3418 1032 3493 ἀσυμμέτρου
1051 3424 1079 3491 b,
1100 3440 1171 3480 corr.

152 3509 189 3549 m.
212 3508 267 3548 rec.
347 3498 388 3547 15.
412 3492 568 3563 σύμμετρος
591 3494 623 3565 τῇ
649 3490 800 3566 ἐκκειμένῃ
819 3492 888 3567 ῥητῇ
913 3494 1013 3550 Theon
1031 3494 1171 3566 (BFVb).
