<?xml version="1.0" encoding="UTF-8"?>
<!DOCTYPE html PUBLIC "-//W3C//DTD XHTML 1.0 Transitional//EN"
    "http://www.w3.org/TR/xhtml1/DTD/xhtml1-transitional.dtd">
<html xmlns="http://www.w3.org/1999/xhtml" xml:lang="en" lang="en">
 <head>
  <title>
</title>
<meta http-equiv="Content-Type" content="text/html;charset=utf-8" />
  <meta name='ocr-system' content='tesseract 3.04.00' />
  <meta name='ocr-capabilities' content='ocr_page ocr_carea ocr_par ocr_line ocrx_word'/>
</head>
<body>
  <div class='ocr_page' id='page_1' title='image "./euclidisoperaom06unkngoog_0422.png"; bbox 0 0 2474 3908; ppageno 0'>
   <div class='ocr_carea' id='block_1_1' title="bbox 525 121 1131 186">
    <p class='ocr_par' dir='ltr' id='par_1_1' title="bbox 525 121 1131 186">
     <span class='ocr_line' id='line_1_1' title="bbox 525 121 1131 186; baseline 0.005 -12"><span class='ocrx_word' id='word_1_1' title='bbox 525 123 715 177; x_wconf 81' lang='lat' dir='ltr'><strong>APPENDIX.</strong></span> <span class='ocrx_word' id='word_1_2' title='bbox 1065 121 1131 186; x_wconf 81' lang='lat' dir='ltr'>4OV</span> 
     </span>
    </p>
   </div>
   <div class='ocr_carea' id='block_1_2' title="bbox 599 285 651 348">
    <p class='ocr_par' dir='ltr' id='par_1_2' title="bbox 599 285 651 348">
     <span class='ocr_line' id='line_1_2' title="bbox 599 285 651 348; baseline -0.019 0"><span class='ocrx_word' id='word_1_3' title='bbox 599 285 651 348; x_wconf 79' lang='lat'>26.</span> 
     </span>
    </p>
   </div>
   <div class='ocr_carea' id='block_1_3' title="bbox 116 408 1131 1232">
    <p class='ocr_par' dir='ltr' id='par_1_3' title="bbox 119 408 1131 684">
     <span class='ocr_line' id='line_1_3' title="bbox 184 408 1131 475; baseline 0 -2"><span class='ocrx_word' id='word_1_4' title='bbox 184 408 288 473; x_wconf 88' lang='lat' dir='ltr'>Recta</span> <span class='ocrx_word' id='word_1_5' title='bbox 306 412 413 473; x_wconf 90' lang='lat' dir='ltr'>rectae</span> <span class='ocrx_word' id='word_1_6' title='bbox 433 429 505 472; x_wconf 89' lang='lat' dir='ltr'>cum</span> <span class='ocrx_word' id='word_1_7' title='bbox 524 408 680 472; x_wconf 76' lang='lat' dir='ltr'>rationali</span> <span class='ocrx_word' id='word_1_8' title='bbox 697 413 804 475; x_wconf 89' lang='lat' dir='ltr'>totum</span> <span class='ocrx_word' id='word_1_9' title='bbox 819 408 960 474; x_wconf 89' lang='lat' dir='ltr'>medium</span> <span class='ocrx_word' id='word_1_10' title='bbox 975 409 1131 474; x_wconf 87' lang='lat' dir='ltr'>efficienti</span> 
     </span>
     <span class='ocr_line' id='line_1_4' title="bbox 119 514 1131 582; baseline 0.001 -5"><span class='ocrx_word' id='word_1_11' title='bbox 119 514 418 579; x_wconf 89' lang='lat' dir='ltr'>commensurabilis</span> <span class='ocrx_word' id='word_1_12' title='bbox 455 535 527 578; x_wconf 91' lang='lat' dir='ltr'>cum</span> <span class='ocrx_word' id='word_1_13' title='bbox 564 514 716 578; x_wconf 76' lang='lat' dir='ltr'><strong>rationali</strong></span> <span class='ocrx_word' id='word_1_14' title='bbox 747 519 854 582; x_wconf 91' lang='lat' dir='ltr'>totum</span> <span class='ocrx_word' id='word_1_15' title='bbox 886 515 1029 580; x_wconf 89' lang='lat' dir='ltr'>medium</span> <span class='ocrx_word' id='word_1_16' title='bbox 1062 514 1131 578; x_wconf 86' lang='lat' dir='ltr'>effi·</span> 
     </span>
     <span class='ocr_line' id='line_1_5' title="bbox 119 619 285 684; baseline -0.006 -1"><span class='ocrx_word' id='word_1_17' title='bbox 119 619 203 683; x_wconf 88' lang='lat' dir='ltr'>ciens</span> <span class='ocrx_word' id='word_1_18' title='bbox 228 623 285 684; x_wconf 88' lang='lat' dir='ltr'>est.</span> 
     </span>
    </p>

    <p class='ocr_par' dir='ltr' id='par_1_4' title="bbox 117 722 1131 1004">
     <span class='ocr_line' id='line_1_6' title="bbox 190 722 1131 811; baseline 0.004 -22"><span class='ocrx_word' id='word_1_19' title='bbox 190 722 238 789; x_wconf 83' lang='lat' dir='ltr'>Sit</span> <span class='ocrx_word' id='word_1_20' title='bbox 256 730 288 789; x_wconf 85' lang='grc' dir='ltr'><em>Α</em></span> <span class='ocrx_word' id='word_1_21' title='bbox 310 729 399 790; x_wconf 88' lang='lat' dir='ltr'>recta</span> <span class='ocrx_word' id='word_1_22' title='bbox 422 747 493 790; x_wconf 90' lang='lat' dir='ltr'>cum</span> <span class='ocrx_word' id='word_1_23' title='bbox 517 726 673 791; x_wconf 74' lang='lat' dir='ltr'>rationali</span> <span class='ocrx_word' id='word_1_24' title='bbox 694 729 800 792; x_wconf 82' lang='lat' dir='ltr'>totum</span> <span class='ocrx_word' id='word_1_25' title='bbox 818 728 960 794; x_wconf 88' lang='lat' dir='ltr'>medium</span> <span class='ocrx_word' id='word_1_26' title='bbox 979 728 1131 811; x_wconf 84' lang='lat' dir='ltr'>efficiens,</span> 
     </span>
     <span class='ocr_line' id='line_1_7' title="bbox 123 829 1129 917; baseline 0.005 -24"><span class='ocrx_word' id='word_1_27' title='bbox 123 829 153 894; x_wconf 91' lang='lat' dir='ltr'>ei</span> <span class='ocrx_word' id='word_1_28' title='bbox 172 834 278 896; x_wconf 88' lang='lat' dir='ltr'>autem</span> <span class='ocrx_word' id='word_1_29' title='bbox 293 831 594 896; x_wconf 85' lang='lat' dir='ltr'>commensurabilis</span> <span class='ocrx_word' id='word_1_30' title='bbox 608 835 646 896; x_wconf 91' lang='grc' dir='ltr'>Β.</span> <span class='ocrx_word' id='word_1_31' title='bbox 679 832 759 917; x_wconf 89' lang='lat' dir='ltr'>dico,</span> <span class='ocrx_word' id='word_1_32' title='bbox 782 837 811 898; x_wconf 91' lang='lat' dir='ltr'><em>B</em></span> <span class='ocrx_word' id='word_1_33' title='bbox 829 837 952 899; x_wconf 89' lang='lat' dir='ltr'>rectam</span> <span class='ocrx_word' id='word_1_34' title='bbox 970 856 1039 899; x_wconf 90' lang='lat' dir='ltr'>esse</span> <span class='ocrx_word' id='word_1_35' title='bbox 1056 856 1129 900; x_wconf 89' lang='lat' dir='ltr'>curn</span> 
     </span>
     <span class='ocr_line' id='line_1_8' title="bbox 117 936 790 1004; baseline 0.006 -4"><span class='ocrx_word' id='word_1_36' title='bbox 117 936 269 1001; x_wconf 83' lang='lat' dir='ltr'>rationali</span> <span class='ocrx_word' id='word_1_37' title='bbox 293 941 400 1003; x_wconf 92' lang='lat' dir='ltr'>totum</span> <span class='ocrx_word' id='word_1_38' title='bbox 423 937 566 1001; x_wconf 91' lang='lat' dir='ltr'>medium</span> <span class='ocrx_word' id='word_1_39' title='bbox 590 937 790 1004; x_wconf 90' lang='lat' dir='ltr'>efficientem.</span> 
     </span>
    </p>

    <p class='ocr_par' dir='ltr' id='par_1_5' title="bbox 116 1041 1129 1232">
     <span class='ocr_line' id='line_1_9' title="bbox 183 1041 1128 1129; baseline 0.004 -23"><span class='ocrx_word' id='word_1_40' title='bbox 183 1046 324 1126; x_wconf 90' lang='lat' dir='ltr'>ponatur</span> <span class='ocrx_word' id='word_1_41' title='bbox 357 1041 527 1107; x_wconf 89' lang='lat' dir='ltr'>rationalis</span> <span class='ocrx_word' id='word_1_42' title='bbox 557 1046 636 1122; x_wconf 85' lang='grc' dir='ltr'>ΓΛ,</span> <span class='ocrx_word' id='word_1_43' title='bbox 671 1045 889 1128; x_wconf 75' lang='lat' dir='ltr'>et&#39;quadrato</span> <span class='ocrx_word' id='word_1_44' title='bbox 918 1044 967 1109; x_wconf 68' lang='lat' dir='ltr'>A8</span> <span class='ocrx_word' id='word_1_45' title='bbox 996 1046 1128 1129; x_wconf 88' lang='lat' dir='ltr'>aequale</span> 
     </span>
     <span class='ocr_line' id='line_1_10' title="bbox 116 1147 1129 1232; baseline 0.004 -20"><span class='ocrx_word' id='word_1_46' title='bbox 116 1153 224 1214; x_wconf 89' lang='lat' dir='ltr'>rectae</span> <span class='ocrx_word' id='word_1_47' title='bbox 252 1151 318 1213; x_wconf 90' lang='grc' dir='ltr'>ΓΔ</span> <span class='ocrx_word' id='word_1_48' title='bbox 348 1147 529 1232; x_wconf 77' lang='lat' dir='ltr'>adplicetur</span> <span class='ocrx_word' id='word_1_49' title='bbox 555 1152 620 1215; x_wconf 99' lang='grc' dir='ltr'>ΓΕ</span> <span class='ocrx_word' id='word_1_50' title='bbox 650 1151 855 1216; x_wconf 85' lang='lat' dir='ltr'>latitudinem</span> <span class='ocrx_word' id='word_1_51' title='bbox 888 1151 1031 1216; x_wconf 88' lang='lat' dir='ltr'>efficiens</span> <span class='ocrx_word' id='word_1_52' title='bbox 1058 1155 1129 1217; x_wconf 89' lang='grc' dir='ltr'>ΓΖ.</span> 
     </span>
    </p>
   </div>
   <div class='ocr_carea' id='block_1_4' title="bbox 233 1256 1129 1359">
    <p class='ocr_par' dir='ltr' id='par_1_6' title="bbox 233 1256 1129 1359">
     <span class='ocr_line' id='line_1_11' title="bbox 233 1256 1129 1359; baseline 0.004 -41"><span class='ocrx_word' id='word_1_53' title='bbox 233 1308 259 1358; x_wconf 78' lang='lat' dir='ltr'><em>P</em></span> <span class='ocrx_word' id='word_1_54' title='bbox 302 1308 324 1358; x_wconf 73' lang='lat' dir='ltr'>Z</span> <span class='ocrx_word' id='word_1_55' title='bbox 438 1305 463 1359; x_wconf 70' lang='grc' dir='ltr'>Θ</span> <span class='ocrx_word' id='word_1_56' title='bbox 490 1256 603 1340; x_wconf 88' lang='lat' dir='ltr'>itaque</span> <span class='ocrx_word' id='word_1_57' title='bbox 634 1259 699 1321; x_wconf 90' lang='grc' dir='ltr'>ΓΖ</span> <span class='ocrx_word' id='word_1_58' title='bbox 737 1261 888 1341; x_wconf 83' lang='lat' dir='ltr'>apotome</span> <span class='ocrx_word' id='word_1_59' title='bbox 929 1260 979 1322; x_wconf 90' lang='lat' dir='ltr'>est</span> <span class='ocrx_word' id='word_1_60' title='bbox 1015 1257 1129 1343; x_wconf 87' lang='lat' dir='ltr'>quinta</span> 
     </span>
    </p>
   </div>
   <div class='ocr_carea' id='block_1_5' title="bbox 122 1359 1133 1642">
    <p class='ocr_par' dir='ltr' id='par_1_7' title="bbox 122 1359 1133 1642">
     <span class='ocr_line' id='line_1_12' title="bbox 124 1359 1128 1447; baseline 0.011 -29"><span class='ocrx_word' id='word_1_61' title='bbox 124 1413 141 1418; x_wconf 89' lang='lat'>-</span> <span class='ocrx_word' id='word_1_62' title='bbox 176 1359 195 1366; x_wconf 83' lang='grc'><em>“</em></span> <span class='ocrx_word' id='word_1_63' title='bbox 491 1365 602 1446; x_wconf 87' lang='lat' dir='ltr'>[prop.</span> <span class='ocrx_word' id='word_1_64' title='bbox 625 1360 695 1444; x_wconf 80' lang='grc'><strong>01].</strong></span> <span class='ocrx_word' id='word_1_65' title='bbox 748 1362 906 1447; x_wconf 89' lang='lat' dir='ltr'>quadrato</span> <span class='ocrx_word' id='word_1_66' title='bbox 940 1367 1049 1429; x_wconf 90' lang='lat' dir='ltr'>autem</span> <span class='ocrx_word' id='word_1_67' title='bbox 1081 1362 1128 1429; x_wconf 77' lang='grc' dir='ltr'>Β2</span> 
     </span>
     <span class='ocr_line' id='line_1_13' title="bbox 448 1375 1133 1642; baseline 0.004 -111"><span class='ocrx_word' id='word_1_68' title='bbox 448 1375 453 1642; x_wconf 73' lang='grc' dir='ltr'>Ι</span> <span class='ocrx_word' id='word_1_69' title='bbox 490 1469 624 1554; x_wconf 88' lang='lat' dir='ltr'>aequale</span> <span class='ocrx_word' id='word_1_70' title='bbox 648 1472 755 1534; x_wconf 87' lang='lat' dir='ltr'>rectae</span> <span class='ocrx_word' id='word_1_71' title='bbox 774 1474 839 1535; x_wconf 89' lang='grc' dir='ltr'>ΖΕ</span> <span class='ocrx_word' id='word_1_72' title='bbox 860 1470 1041 1556; x_wconf 89' lang='lat' dir='ltr'>adplicetur</span> <span class='ocrx_word' id='word_1_73' title='bbox 1061 1473 1133 1534; x_wconf 90' lang='grc' dir='ltr'>ΖΗ</span> 
     </span>
     <span class='ocr_line' id='line_1_14' title="bbox 122 1575 1126 1642; baseline 0.001 -1"><span class='ocrx_word' id='word_1_74' title='bbox 122 1634 141 1641; x_wconf 89' lang='grc'>..</span> <span class='ocrx_word' id='word_1_75' title='bbox 175 1633 193 1641; x_wconf 80' lang='lat'>-</span> <span class='ocrx_word' id='word_1_76' title='bbox 489 1575 696 1640; x_wconf 88' lang='lat' dir='ltr'>latitudinem</span> <span class='ocrx_word' id='word_1_77' title='bbox 737 1576 880 1642; x_wconf 90' lang='lat' dir='ltr'>efficiens</span> <span class='ocrx_word' id='word_1_78' title='bbox 923 1582 999 1642; x_wconf 82' lang='grc' dir='ltr'>ΖΘ.</span> <span class='ocrx_word' id='word_1_79' title='bbox 1061 1578 1126 1642; x_wconf 91' lang='lat' dir='ltr'>iam</span> 
     </span>
    </p>
   </div>
   <div class='ocr_carea' id='block_1_6' title="bbox 110 1645 1195 2934">
    <p class='ocr_par' dir='ltr' id='par_1_8' title="bbox 110 1645 1195 2934">
     <span class='ocr_line' id='line_1_15' title="bbox 113 1645 1126 1765; baseline 0.004 -21"><span class='ocrx_word' id='word_1_80' title='bbox 113 1650 134 1695; x_wconf 78' lang='lat' dir='ltr'><em>A</em></span> <span class='ocrx_word' id='word_1_81' title='bbox 172 1647 193 1695; x_wconf 74' lang='grc' dir='ltr'><em>Β</em></span> <span class='ocrx_word' id='word_1_82' title='bbox 221 1651 246 1694; x_wconf 70' lang='grc' dir='ltr'><em>Δ</em></span> <span class='ocrx_word' id='word_1_83' title='bbox 301 1645 327 1696; x_wconf 76' lang='grc' dir='ltr'><strong>Ε</strong></span> <span class='ocrx_word' id='word_1_84' title='bbox 433 1646 464 1696; x_wconf 83' lang='lat' dir='ltr'><em>H</em></span> <span class='ocrx_word' id='word_1_85' title='bbox 489 1682 642 1764; x_wconf 90' lang='lat' dir='ltr'>quoniam</span> <span class='ocrx_word' id='word_1_86' title='bbox 675 1687 721 1765; x_wconf 89' lang='lat' dir='ltr'>A,</span> <span class='ocrx_word' id='word_1_87' title='bbox 749 1686 778 1747; x_wconf 91' lang='grc' dir='ltr'><strong>Β</strong></span> <span class='ocrx_word' id='word_1_88' title='bbox 816 1683 1126 1749; x_wconf 78' lang='lat' dir='ltr'>commensurabiles</span> 
     </span>
     <span class='ocr_line' id='line_1_16' title="bbox 114 1783 1126 1871; baseline 0.002 -21"><span class='ocrx_word' id='word_1_89' title='bbox 114 1791 200 1871; x_wconf 81' lang='lat' dir='ltr'>sunt,</span> <span class='ocrx_word' id='word_1_90' title='bbox 225 1787 324 1850; x_wconf 88' lang='lat' dir='ltr'>etiarn</span> <span class='ocrx_word' id='word_1_91' title='bbox 347 1784 402 1870; x_wconf 49' lang='grc' dir='ltr'>ΑΞ,</span> <span class='ocrx_word' id='word_1_92' title='bbox 420 1783 463 1851; x_wconf 75' lang='grc' dir='ltr'>Β2</span> <span class='ocrx_word' id='word_1_93' title='bbox 487 1789 789 1854; x_wconf 84' lang='lat' dir='ltr'>commensurabilia</span> <span class='ocrx_word' id='word_1_94' title='bbox 814 1791 899 1854; x_wconf 86' lang='lat' dir='ltr'>sunt.</span> <span class='ocrx_word' id='word_1_95' title='bbox 945 1792 994 1854; x_wconf 86' lang='lat' dir='ltr'>eat</span> <span class='ocrx_word' id='word_1_96' title='bbox 1017 1793 1126 1854; x_wconf 89' lang='lat' dir='ltr'>autem</span> 
     </span>
     <span class='ocr_line' id='line_1_17' title="bbox 112 1889 1125 1977; baseline 0.002 -20"><span class='ocrx_word' id='word_1_97' title='bbox 112 1895 178 1957; x_wconf 92' lang='grc' dir='ltr'>ΓΕ</span> <span class='ocrx_word' id='word_1_98' title='bbox 191 1923 232 1945; x_wconf 95' lang='grc'>--</span> <span class='ocrx_word' id='word_1_99' title='bbox 247 1889 306 1977; x_wconf 58' lang='lat' dir='ltr'>Al,</span> <span class='ocrx_word' id='word_1_100' title='bbox 335 1893 405 1960; x_wconf 89' lang='grc' dir='ltr'>ΖΗ</span> <span class='ocrx_word' id='word_1_101' title='bbox 417 1923 459 1945; x_wconf 89' lang='lat'><em>=</em></span> <span class='ocrx_word' id='word_1_102' title='bbox 473 1889 524 1956; x_wconf 76' lang='lat'>13².</span> <span class='ocrx_word' id='word_1_103' title='bbox 570 1892 680 1976; x_wconf 89' lang='lat' dir='ltr'>itaque</span> <span class='ocrx_word' id='word_1_104' title='bbox 702 1896 775 1976; x_wconf 89' lang='grc' dir='ltr'>ΓΕ,</span> <span class='ocrx_word' id='word_1_105' title='bbox 801 1898 873 1959; x_wconf 90' lang='grc' dir='ltr'>ΖΗ</span> <span class='ocrx_word' id='word_1_106' title='bbox 890 1915 1125 1961; x_wconf 88' lang='lat' dir='ltr'>commensura-</span> 
     </span>
     <span class='ocr_line' id='line_1_18' title="bbox 111 1999 1127 2086; baseline -0.001 -21"><span class='ocrx_word' id='word_1_107' title='bbox 111 2000 194 2065; x_wconf 90' lang='lat' dir='ltr'>bilia</span> <span class='ocrx_word' id='word_1_108' title='bbox 217 2002 301 2064; x_wconf 86' lang='lat' dir='ltr'>aunt.</span> <span class='ocrx_word' id='word_1_109' title='bbox 340 2021 439 2084; x_wconf 90' lang='lat' dir='ltr'>quare</span> <span class='ocrx_word' id='word_1_110' title='bbox 458 1999 558 2064; x_wconf 91' lang='lat' dir='ltr'>etiam</span> <span class='ocrx_word' id='word_1_111' title='bbox 576 2001 647 2083; x_wconf 80' lang='grc' dir='ltr'>ΓΖ,</span> <span class='ocrx_word' id='word_1_112' title='bbox 662 2003 723 2063; x_wconf 84' lang='grc' dir='ltr'>ΖΘ</span> <span class='ocrx_word' id='word_1_113' title='bbox 741 2000 944 2086; x_wconf 83' lang='lat' dir='ltr'>longitudine</span> <span class='ocrx_word' id='word_1_114' title='bbox 964 2022 1127 2068; x_wconf 89' lang='lat' dir='ltr'>commen·</span> 
     </span>
     <span class='ocr_line' id='line_1_19' title="bbox 113 2104 1125 2192; baseline 0.002 -22"><span class='ocrx_word' id='word_1_115' title='bbox 113 2106 272 2170; x_wconf 89' lang='lat' dir='ltr'>surabiles</span> <span class='ocrx_word' id='word_1_116' title='bbox 296 2110 371 2170; x_wconf 92' lang='lat' dir='ltr'>sunt</span> <span class='ocrx_word' id='word_1_117' title='bbox 396 2104 521 2189; x_wconf 82' lang='lat' dir='ltr'><strong>[V1‚1;</strong></span> <span class='ocrx_word' id='word_1_118' title='bbox 543 2126 635 2190; x_wconf 90' lang='lat' dir='ltr'>prop.</span> <span class='ocrx_word' id='word_1_119' title='bbox 649 2105 720 2186; x_wconf 88' lang='lat' dir='ltr'><strong>XI].</strong></span> <span class='ocrx_word' id='word_1_120' title='bbox 760 2109 822 2171; x_wconf 93' lang='grc' dir='ltr'>ΓΖ</span> <span class='ocrx_word' id='word_1_121' title='bbox 844 2111 954 2173; x_wconf 90' lang='lat' dir='ltr'>autem</span> <span class='ocrx_word' id='word_1_122' title='bbox 974 2110 1125 2192; x_wconf 89' lang='lat' dir='ltr'>apotome</span> 
     </span>
     <span class='ocr_line' id='line_1_20' title="bbox 112 2211 1126 2300; baseline 0.003 -24"><span class='ocrx_word' id='word_1_123' title='bbox 112 2216 162 2276; x_wconf 85' lang='lat' dir='ltr'>eet</span> <span class='ocrx_word' id='word_1_124' title='bbox 195 2211 316 2296; x_wconf 90' lang='lat' dir='ltr'>quinta.</span> <span class='ocrx_word' id='word_1_125' title='bbox 376 2212 496 2296; x_wconf 72' lang='lat' dir='ltr'>iraque</span> <span class='ocrx_word' id='word_1_126' title='bbox 519 2211 617 2281; x_wconf 87' lang='lat' dir='ltr'>etiam</span> <span class='ocrx_word' id='word_1_127' title='bbox 651 2216 712 2276; x_wconf 83' lang='grc' dir='ltr'>ΖΘ</span> <span class='ocrx_word' id='word_1_128' title='bbox 745 2218 895 2300; x_wconf 91' lang='lat' dir='ltr'>apotome</span> <span class='ocrx_word' id='word_1_129' title='bbox 929 2219 980 2280; x_wconf 90' lang='lat' dir='ltr'>est</span> <span class='ocrx_word' id='word_1_130' title='bbox 1012 2214 1126 2298; x_wconf 89' lang='lat' dir='ltr'>quinta</span> 
     </span>
     <span class='ocr_line' id='line_1_21' title="bbox 113 2315 1126 2405; baseline 0.004 -23"><span class='ocrx_word' id='word_1_131' title='bbox 113 2321 223 2402; x_wconf 86' lang='lat' dir='ltr'>[prop.</span> <span class='ocrx_word' id='word_1_132' title='bbox 248 2315 359 2401; x_wconf 77' lang='lat' dir='ltr'>CIII];</span> <span class='ocrx_word' id='word_1_133' title='bbox 392 2322 457 2382; x_wconf 94' lang='grc' dir='ltr'>ΖΕ</span> <span class='ocrx_word' id='word_1_134' title='bbox 478 2321 586 2383; x_wconf 87' lang='lat' dir='ltr'>autern</span> <span class='ocrx_word' id='word_1_135' title='bbox 609 2319 780 2385; x_wconf 86' lang='lat' dir='ltr'>rationalis</span> <span class='ocrx_word' id='word_1_136' title='bbox 804 2325 864 2388; x_wconf 89' lang='lat' dir='ltr'>est.</span> <span class='ocrx_word' id='word_1_137' title='bbox 909 2322 959 2386; x_wconf 85' lang='lat' dir='ltr'>sin</span> <span class='ocrx_word' id='word_1_138' title='bbox 982 2321 1126 2405; x_wconf 90' lang='lat' dir='ltr'>spatium</span> 
     </span>
     <span class='ocr_line' id='line_1_22' title="bbox 110 2423 1125 2512; baseline 0.003 -24"><span class='ocrx_word' id='word_1_139' title='bbox 110 2428 200 2490; x_wconf 90' lang='lat' dir='ltr'>recta</span> <span class='ocrx_word' id='word_1_140' title='bbox 213 2423 366 2490; x_wconf 86' lang='lat' dir='ltr'>rationali</span> <span class='ocrx_word' id='word_1_141' title='bbox 381 2427 414 2489; x_wconf 90' lang='lat' dir='ltr'>et</span> <span class='ocrx_word' id='word_1_142' title='bbox 429 2428 580 2509; x_wconf 90' lang='lat' dir='ltr'>apotome</span> <span class='ocrx_word' id='word_1_143' title='bbox 595 2425 709 2509; x_wconf 92' lang='lat' dir='ltr'>quinta</span> <span class='ocrx_word' id='word_1_144' title='bbox 724 2428 1016 2512; x_wconf 87' lang='lat' dir='ltr'>comprehenditur,</span> <span class='ocrx_word' id='word_1_145' title='bbox 1034 2430 1125 2492; x_wconf 90' lang='lat' dir='ltr'>recta</span> 
     </span>
     <span class='ocr_line' id='line_1_23' title="bbox 111 2530 1123 2617; baseline 0.003 -22"><span class='ocrx_word' id='word_1_146' title='bbox 111 2532 219 2614; x_wconf 87' lang='lat' dir='ltr'>spatio</span> <span class='ocrx_word' id='word_1_147' title='bbox 244 2530 389 2616; x_wconf 84' lang='lat' dir='ltr'>aequalis</span> <span class='ocrx_word' id='word_1_148' title='bbox 408 2531 569 2617; x_wconf 79' lang='lat' dir='ltr'>quadrata</span> <span class='ocrx_word' id='word_1_149' title='bbox 586 2534 674 2596; x_wconf 86' lang='lat' dir='ltr'>recta</span> <span class='ocrx_word' id='word_1_150' title='bbox 694 2536 744 2597; x_wconf 92' lang='lat' dir='ltr'>est</span> <span class='ocrx_word' id='word_1_151' title='bbox 759 2555 832 2599; x_wconf 92' lang='lat' dir='ltr'>cum</span> <span class='ocrx_word' id='word_1_152' title='bbox 846 2535 1002 2600; x_wconf 90' lang='lat' dir='ltr'>rationali</span> <span class='ocrx_word' id='word_1_153' title='bbox 1016 2537 1123 2599; x_wconf 90' lang='lat' dir='ltr'>toturn</span> 
     </span>
     <span class='ocr_line' id='line_1_24' title="bbox 110 2633 1124 2722; baseline 0.005 -21"><span class='ocrx_word' id='word_1_154' title='bbox 110 2637 252 2703; x_wconf 88' lang='lat' dir='ltr'>medium</span> <span class='ocrx_word' id='word_1_155' title='bbox 275 2636 419 2702; x_wconf 90' lang='lat' dir='ltr'>efficiens</span> <span class='ocrx_word' id='word_1_156' title='bbox 443 2639 547 2722; x_wconf 91' lang='lat' dir='ltr'>[prop.</span> <span class='ocrx_word' id='word_1_157' title='bbox 570 2633 682 2718; x_wconf 66' lang='lat' dir='ltr'><strong>XCV}</strong></span> <span class='ocrx_word' id='word_1_158' title='bbox 729 2641 778 2703; x_wconf 90' lang='lat' dir='ltr'>est</span> <span class='ocrx_word' id='word_1_159' title='bbox 801 2644 909 2705; x_wconf 89' lang='lat' dir='ltr'>autem</span> <span class='ocrx_word' id='word_1_160' title='bbox 931 2639 974 2706; x_wconf 69' lang='grc' dir='ltr'>Β2</span> <span class='ocrx_word' id='word_1_161' title='bbox 990 2671 1032 2694; x_wconf 90' lang='lat'><em>=</em></span> <span class='ocrx_word' id='word_1_162' title='bbox 1048 2643 1124 2706; x_wconf 87' lang='grc' dir='ltr'>ΖΗ.</span> 
     </span>
     <span class='ocr_line' id='line_1_25' title="bbox 111 2743 1195 2831; baseline 0.005 -25"><span class='ocrx_word' id='word_1_163' title='bbox 111 2764 188 2828; x_wconf 79' lang='lat' dir='ltr'>ergo</span> <span class='ocrx_word' id='word_1_164' title='bbox 204 2748 232 2807; x_wconf 91' lang='grc' dir='ltr'>Β</span> <span class='ocrx_word' id='word_1_165' title='bbox 250 2746 340 2808; x_wconf 87' lang='lat' dir='ltr'>recta</span> <span class='ocrx_word' id='word_1_166' title='bbox 358 2749 409 2808; x_wconf 85' lang='lat' dir='ltr'>est</span> <span class='ocrx_word' id='word_1_167' title='bbox 427 2765 500 2809; x_wconf 88' lang='lat' dir='ltr'>cum</span> <span class='ocrx_word' id='word_1_168' title='bbox 514 2743 667 2810; x_wconf 88' lang='lat' dir='ltr'>rationali</span> <span class='ocrx_word' id='word_1_169' title='bbox 681 2747 788 2809; x_wconf 90' lang='lat' dir='ltr'>toturn</span> <span class='ocrx_word' id='word_1_170' title='bbox 803 2746 944 2811; x_wconf 90' lang='lat' dir='ltr'>medium</span> <span class='ocrx_word' id='word_1_171' title='bbox 963 2747 1122 2831; x_wconf 88' lang='lat' dir='ltr'>efficiens;</span> <span class='ocrx_word' id='word_1_172' title='bbox 1184 2800 1195 2819; x_wconf 88' lang='lat'>.</span> 
     </span>
     <span class='ocr_line' id='line_1_26' title="bbox 112 2849 611 2934; baseline -0.004 -19"><span class='ocrx_word' id='word_1_173' title='bbox 112 2850 197 2934; x_wconf 87' lang='lat' dir='ltr'>quod</span> <span class='ocrx_word' id='word_1_174' title='bbox 221 2852 292 2915; x_wconf 89' lang='lat' dir='ltr'>erat</span> <span class='ocrx_word' id='word_1_175' title='bbox 316 2849 611 2915; x_wconf 90' lang='lat' dir='ltr'>demonstrandum.</span> 
     </span>
    </p>
   </div>
   <div class='ocr_carea' id='block_1_7' title="bbox 108 3037 1122 3455">
    <p class='ocr_par' dir='ltr' id='par_1_9' title="bbox 108 3037 1122 3455">
     <span class='ocr_line' id='line_1_27' title="bbox 109 3037 1121 3185; baseline 0.005 -89"><span class='ocrx_word' id='word_1_176' title='bbox 109 3041 277 3168; x_wconf 31' lang='lat' dir='ltr'>compffgBF</span> <span class='ocrx_word' id='word_1_177' title='bbox 355 3041 536 3184; x_wconf 47' lang='grc' dir='ltr'>δῆσαὶ.</span> <span class='ocrx_word' id='word_1_178' title='bbox 611 3047 696 3130; x_wconf 63' lang='lat' dir='ltr'>aba</span> <span class='ocrx_word' id='word_1_179' title='bbox 678 3019 943 3168; x_wconf 48' lang='lat' dir='ltr'>assfflsteryPVV,</span> <span class='ocrx_word' id='word_1_180' title='bbox 936 3046 1121 3185; x_wconf 70' lang='grc' dir='ltr'>,οααΡΒΓα</span> 
     </span>
     <span class='ocr_line' id='line_1_28' title="bbox 111 3081 1121 3275; baseline 0.006 -37"><span class='ocrx_word' id='word_1_181' title='bbox 111 3115 297 3272; x_wconf 54' lang='grc' dir='ltr'>ΒΞΙΠῘἭ</span> <span class='ocrx_word' id='word_1_182' title='bbox 310 3129 408 3238; x_wconf 51' lang='lat' dir='ltr'>gualdri.</span> <span class='ocrx_word' id='word_1_183' title='bbox 418 3129 469 3239; x_wconf 58' lang='lat' dir='ltr'>liar</span> <span class='ocrx_word' id='word_1_184' title='bbox 476 3189 504 3238; x_wconf 95' lang='lat'>1</span> <span class='ocrx_word' id='word_1_185' title='bbox 514 3132 726 3246; x_wconf 52' lang='lat' dir='ltr'>arotffila</span> <span class='ocrx_word' id='word_1_186' title='bbox 734 3081 1121 3275; x_wconf 44' lang='grc' dir='ltr'>ετιούνεέξναέανξοὲεἰρήμαᾙς</span> 
     </span>
     <span class='ocr_line' id='line_1_29' title="bbox 109 3248 1122 3348; baseline 0.006 -38"><span class='ocrx_word' id='word_1_187' title='bbox 109 3276 135 3340; x_wconf 85' lang='grc' dir='ltr'><strong>η</strong></span> <span class='ocrx_word' id='word_1_188' title='bbox 145 3273 279 3326; x_wconf 72' lang='lat' dir='ltr'>reposuere</span> <span class='ocrx_word' id='word_1_189' title='bbox 297 3250 315 3325; x_wconf 83' lang='grc' dir='ltr'><em>ἡ</em></span> <span class='ocrx_word' id='word_1_190' title='bbox 335 3249 422 3341; x_wconf 73' lang='grc' dir='ltr'><strong><em>αὕτη</em></strong></span> <span class='ocrx_word' id='word_1_191' title='bbox 398 3249 536 3309; x_wconf 73' lang='grc' dir='ltr'><strong><em>’ἔστι</em></strong></span> <span class='ocrx_word' id='word_1_192' title='bbox 503 3275 536 3341; x_wconf 83' lang='grc' dir='ltr'>τη</span> <span class='ocrx_word' id='word_1_193' title='bbox 555 3254 606 3309; x_wconf 79' lang='grc' dir='ltr'>τοῦ</span> <span class='ocrx_word' id='word_1_194' title='bbox 626 3251 685 3322; x_wconf 75' lang='grc' dir='ltr'>ρξ’,</span> <span class='ocrx_word' id='word_1_195' title='bbox 710 3252 743 3309; x_wconf 76' lang='grc' dir='ltr'>οὗ</span> <span class='ocrx_word' id='word_1_196' title='bbox 768 3248 825 3324; x_wconf 82' lang='grc' dir='ltr'>μὴν</span> <span class='ocrx_word' id='word_1_197' title='bbox 846 3253 863 3324; x_wconf 80' lang='grc' dir='ltr'><em>ἡ</em></span> <span class='ocrx_word' id='word_1_198' title='bbox 883 3256 1053 3348; x_wconf 75' lang='grc' dir='ltr'><strong><em>καταγραφὴ</em></strong></span> <span class='ocrx_word' id='word_1_199' title='bbox 1072 3260 1122 3315; x_wconf 81' lang='grc' dir='ltr'>καὶ</span> 
     </span>
     <span class='ocr_line' id='line_1_30' title="bbox 108 3319 1119 3455; baseline 0.006 -75"><span class='ocrx_word' id='word_1_200' title='bbox 108 3322 140 3380; x_wconf 80' lang='grc' dir='ltr'>τὸ</span> <span class='ocrx_word' id='word_1_201' title='bbox 159 3327 252 3416; x_wconf 55' lang='lat' dir='ltr'>upupa</span> <span class='ocrx_word' id='word_1_202' title='bbox 271 3322 422 3399; x_wconf 76' lang='grc' dir='ltr'><strong><em>ἐκείνῳ</em></strong></span> <span class='ocrx_word' id='word_1_203' title='bbox 390 3346 426 3381; x_wconf 85' lang='grc' dir='ltr'>τα</span> <span class='ocrx_word' id='word_1_204' title='bbox 446 3319 520 3380; x_wconf 75' lang='grc' dir='ltr'><strong><em>αὕτα</em></strong></span> <span class='ocrx_word' id='word_1_205' title='bbox 512 3322 619 3381; x_wconf 78' lang='grc' dir='ltr'>’.εἰσιν</span> <span class='ocrx_word' id='word_1_206' title='bbox 648 3323 706 3380; x_wconf 78' lang='grc' dir='ltr'><strong>ἔστι</strong></span> <span class='ocrx_word' id='word_1_207' title='bbox 725 3321 853 3381; x_wconf 66' lang='lat' dir='ltr'>oller</span> <span class='ocrx_word' id='word_1_208' title='bbox 792 3320 909 3455; x_wconf 61' lang='lat' dir='ltr'>vitiari}</span> <span class='ocrx_word' id='word_1_209' title='bbox 888 3331 973 3383; x_wconf 78' lang='grc' dir='ltr'><strong><em>ακαὶ</em></strong></span> <span class='ocrx_word' id='word_1_210' title='bbox 987 3349 1055 3399; x_wconf 76' lang='grc' dir='ltr'><strong><em>ριη,</em></strong></span> <span class='ocrx_word' id='word_1_211' title='bbox 1037 3327 1119 3386; x_wconf 74' lang='grc' dir='ltr'>’διὸ</span> 
     </span>
    </p>
   </div>
   <div class='ocr_carea' id='block_1_8' title="bbox 109 3350 1119 3522">
    <p class='ocr_par' dir='ltr' id='par_1_10' title="bbox 109 3350 1119 3522">
     <span class='ocr_line' id='line_1_31' title="bbox 109 3350 1119 3522; baseline 0.007 -72"><span class='ocrx_word' id='word_1_212' title='bbox 109 3397 157 3451; x_wconf 78' lang='grc' dir='ltr'>καὶ</span> <span class='ocrx_word' id='word_1_213' title='bbox 175 3402 244 3522; x_wconf 55' lang='lat' dir='ltr'>patr</span> <span class='ocrx_word' id='word_1_214' title='bbox 262 3381 504 3484; x_wconf 76' lang='grc' dir='ltr'>παραγέγραπται.</span> <span class='ocrx_word' id='word_1_215' title='bbox 525 3392 631 3451; x_wconf 81' lang='grc' dir='ltr'><strong><em>εἶτα</em></strong></span> <span class='ocrx_word' id='word_1_216' title='bbox 603 3416 636 3451; x_wconf 89' lang='grc' dir='ltr'>το</span> <span class='ocrx_word' id='word_1_217' title='bbox 655 3393 739 3451; x_wconf 77' lang='grc' dir='ltr'><strong><em>ἔνδον</em></strong></span> <span class='ocrx_word' id='word_1_218' title='bbox 754 3391 808 3466; x_wconf 68' lang='grc' dir='ltr'>(κζ’</span> <span class='ocrx_word' id='word_1_219' title='bbox 824 3393 855 3454; x_wconf 76' lang='grc' dir='ltr'>ἐν</span> <span class='ocrx_word' id='word_1_220' title='bbox 885 3402 970 3474; x_wconf 78' lang='grc' dir='ltr'><strong><em>κείνῳ</em></strong></span> <span class='ocrx_word' id='word_1_221' title='bbox 984 3350 1055 3458; x_wconf 77' lang='grc' dir='ltr'><strong><em>ἐστὶ</em></strong></span> <span class='ocrx_word' id='word_1_222' title='bbox 1057 3399 1119 3473; x_wconf 78' lang='grc' dir='ltr'>ριθ’</span> 
     </span>
    </p>
   </div>
   <div class='ocr_carea' id='block_1_9' title="bbox 107 3464 403 3536">
    <p class='ocr_par' dir='ltr' id='par_1_11' title="bbox 107 3464 403 3536">
     <span class='ocr_line' id='line_1_32' title="bbox 107 3464 403 3536; baseline 0.003 -14"><span class='ocrx_word' id='word_1_223' title='bbox 107 3467 156 3522; x_wconf 76' lang='grc' dir='ltr'>καὶ</span> <span class='ocrx_word' id='word_1_224' title='bbox 191 3467 240 3536; x_wconf 78' lang='grc' dir='ltr'>ξῆς</span> <span class='ocrx_word' id='word_1_225' title='bbox 257 3464 293 3521; x_wconf 80' lang='grc' dir='ltr'>τὰ</span> <span class='ocrx_word' id='word_1_226' title='bbox 310 3465 403 3526; x_wconf 75' lang='lat' dir='ltr'>torua.</span> 
     </span>
    </p>
   </div>
   <div class='ocr_carea' id='block_1_10' title="bbox 0 0 1242 3908">
    <p class='ocr_par' dir='ltr' id='par_1_12' title="bbox 0 0 1242 3908">
     <span class='ocr_line' id='line_1_33' title="bbox 0 0 1242 3908; baseline 0 3"><span class='ocrx_word' id='word_1_227' title='bbox 0 0 1242 3908; x_wconf 95' lang='lat' dir='ltr'> </span> 
     </span>
    </p>
   </div>
  </div>
 </body>
</html>
