<?xml version="1.0" encoding="UTF-8"?>
<!DOCTYPE html PUBLIC "-//W3C//DTD XHTML 1.0 Transitional//EN"
    "http://www.w3.org/TR/xhtml1/DTD/xhtml1-transitional.dtd">
<html xmlns="http://www.w3.org/1999/xhtml" xml:lang="en" lang="en">
 <head>
  <title>
</title>
<meta http-equiv="Content-Type" content="text/html;charset=utf-8" />
  <meta name='ocr-system' content='tesseract 3.04.00' />
  <meta name='ocr-capabilities' content='ocr_page ocr_carea ocr_par ocr_line ocrx_word'/>
</head>
<body>
  <div class='ocr_page' id='page_1' title='image "./euclidisoperaom06unkngoog_0295.png"; bbox 0 0 2474 3908; ppageno 0'>
   <div class='ocr_carea' id='block_1_1' title="bbox 129 159 763 231">
    <p class='ocr_par' dir='ltr' id='par_1_1' title="bbox 129 159 763 231">
     <span class='ocr_line' id='line_1_1' title="bbox 129 159 763 231; baseline -0.025 0"><span class='ocrx_word' id='word_1_1' title='bbox 129 165 197 231; x_wconf 81' lang='lat'><em>280</em></span> <span class='ocrx_word' id='word_1_2' title='bbox 517 163 718 217; x_wconf 73' lang='grc' dir='ltr'><em>Σνουτωαα</em></span> <span class='ocrx_word' id='word_1_3' title='bbox 736 159 763 215; x_wconf 82' lang='grc' dir='ltr'><em>ι’.</em></span> 
     </span>
    </p>
   </div>
   <div class='ocr_carea' id='block_1_2' title="bbox 96 301 1156 820">
    <p class='ocr_par' dir='ltr' id='par_1_2' title="bbox 131 301 1156 715">
     <span class='ocr_line' id='line_1_2' title="bbox 132 301 1156 396; baseline -0.003 -19"><span class='ocrx_word' id='word_1_4' title='bbox 132 315 200 377; x_wconf 90' lang='grc' dir='ltr'><em>ΛΟ</em></span> <span class='ocrx_word' id='word_1_5' title='bbox 231 311 271 396; x_wconf 91' lang='grc' dir='ltr'><em>τῆ</em></span> <span class='ocrx_word' id='word_1_6' title='bbox 301 312 373 374; x_wconf 89' lang='grc' dir='ltr'><em>ΟΝ</em></span> <span class='ocrx_word' id='word_1_7' title='bbox 401 305 505 394; x_wconf 90' lang='grc' dir='ltr'><em>μῆκει.</em></span> <span class='ocrx_word' id='word_1_8' title='bbox 551 311 610 372; x_wconf 87' lang='grc' dir='ltr'><em>καί</em></span> <span class='ocrx_word' id='word_1_9' title='bbox 635 309 722 372; x_wconf 77' lang='grc' dir='ltr'><em>εἰσιν</em></span> <span class='ocrx_word' id='word_1_10' title='bbox 749 301 935 394; x_wconf 79' lang='grc' dir='ltr'><em>ἀμφότεραι</em></span> <span class='ocrx_word' id='word_1_11' title='bbox 963 306 1073 391; x_wconf 79' lang='grc' dir='ltr'><em>ῥηταί·</em></span> <span class='ocrx_word' id='word_1_12' title='bbox 1113 310 1156 374; x_wconf 87' lang='grc' dir='ltr'><em>αί</em></span> 
     </span>
     <span class='ocr_line' id='line_1_3' title="bbox 132 410 1153 503; baseline -0.003 -20"><span class='ocrx_word' id='word_1_13' title='bbox 132 422 214 500; x_wconf 89' lang='grc' dir='ltr'><em>ΛΟ,</em></span> <span class='ocrx_word' id='word_1_14' title='bbox 240 421 312 482; x_wconf 90' lang='grc' dir='ltr'><em>ΟΝ</em></span> <span class='ocrx_word' id='word_1_15' title='bbox 335 411 401 503; x_wconf 75' lang='grc' dir='ltr'><em>ἄρα</em></span> <span class='ocrx_word' id='word_1_16' title='bbox 430 414 530 499; x_wconf 81' lang='grc' dir='ltr'><em>ῥηταί</em></span> <span class='ocrx_word' id='word_1_17' title='bbox 554 416 618 479; x_wconf 88' lang='grc' dir='ltr'><em>είσι</em></span> <span class='ocrx_word' id='word_1_18' title='bbox 647 411 788 499; x_wconf 78' lang='grc' dir='ltr'>δυνάμει</span> <span class='ocrx_word' id='word_1_19' title='bbox 815 413 921 499; x_wconf 88' lang='grc' dir='ltr'><em>μόνον</em></span> <span class='ocrx_word' id='word_1_20' title='bbox 951 410 1153 499; x_wconf 82' lang='grc' dir='ltr'><em>σύμμετροι·</em></span> 
     </span>
     <span class='ocr_line' id='line_1_4' title="bbox 132 516 1152 609; baseline -0.004 -19"><span class='ocrx_word' id='word_1_21' title='bbox 132 518 283 608; x_wconf 74' lang='grc' dir='ltr'><em>ἀποτομὴ</em></span> <span class='ocrx_word' id='word_1_22' title='bbox 302 517 368 609; x_wconf 78' lang='grc' dir='ltr'><em>δι’ρα</em></span> <span class='ocrx_word' id='word_1_23' title='bbox 388 521 478 588; x_wconf 82' lang='grc' dir='ltr'><em>ἐστὶν</em></span> <span class='ocrx_word' id='word_1_24' title='bbox 496 519 516 606; x_wconf 89' lang='grc' dir='ltr'><em>ῆ</em></span> <span class='ocrx_word' id='word_1_25' title='bbox 537 524 617 585; x_wconf 90' lang='grc' dir='ltr'><em>ΛΝ.</em></span> <span class='ocrx_word' id='word_1_26' title='bbox 640 518 695 584; x_wconf 82' lang='grc' dir='ltr'><em>καὶ</em></span> <span class='ocrx_word' id='word_1_27' title='bbox 712 516 853 585; x_wconf 82' lang='grc' dir='ltr'><em>δύναται</em></span> <span class='ocrx_word' id='word_1_28' title='bbox 867 516 904 586; x_wconf 91' lang='grc' dir='ltr'><em>τὸ</em></span> <span class='ocrx_word' id='word_1_29' title='bbox 921 525 987 585; x_wconf 91' lang='lat' dir='ltr'><em>AB</em></span> <span class='ocrx_word' id='word_1_30' title='bbox 1006 523 1152 607; x_wconf 79' lang='grc' dir='ltr'><strong><em>χωρίον·</em></strong></span> 
     </span>
     <span class='ocr_line' id='line_1_5' title="bbox 131 623 1038 715; baseline -0.002 -20"><span class='ocrx_word' id='word_1_31' title='bbox 131 625 152 715; x_wconf 89' lang='grc' dir='ltr'><em>ῆ</em></span> <span class='ocrx_word' id='word_1_32' title='bbox 177 626 243 714; x_wconf 71' lang='grc' dir='ltr'><em>ἄρα</em></span> <span class='ocrx_word' id='word_1_33' title='bbox 265 626 303 695; x_wconf 90' lang='grc' dir='ltr'><em>τδ</em></span> <span class='ocrx_word' id='word_1_34' title='bbox 327 633 394 693; x_wconf 89' lang='lat' dir='ltr'><em>AB</em></span> <span class='ocrx_word' id='word_1_35' title='bbox 418 631 542 714; x_wconf 83' lang='grc' dir='ltr'><em>χωρίον</em></span> <span class='ocrx_word' id='word_1_36' title='bbox 567 625 737 710; x_wconf 76' lang='grc' dir='ltr'><em>δυναμένη</em></span> <span class='ocrx_word' id='word_1_37' title='bbox 762 623 914 711; x_wconf 75' lang='grc' dir='ltr'><em>ἀποτομή</em></span> <span class='ocrx_word' id='word_1_38' title='bbox 939 626 1038 693; x_wconf 83' lang='grc' dir='ltr'><em>ἐστιν.</em></span> 
     </span>
    </p>

    <p class='ocr_par' dir='ltr' id='par_1_3' title="bbox 96 729 1153 820">
     <span class='ocr_line' id='line_1_6' title="bbox 96 729 1153 820; baseline 0 -20"><span class='ocrx_word' id='word_1_39' title='bbox 96 757 112 806; x_wconf 84' lang='lat'><strong>5</strong></span> <span class='ocrx_word' id='word_1_40' title='bbox 195 730 274 800; x_wconf 84' lang='grc' dir='ltr'><em>Ἐὰν</em></span> <span class='ocrx_word' id='word_1_41' title='bbox 294 731 359 819; x_wconf 79' lang='grc' dir='ltr'><em>ἄρα</em></span> <span class='ocrx_word' id='word_1_42' title='bbox 378 738 503 820; x_wconf 82' lang='grc' dir='ltr'><em>χωρίον</em></span> <span class='ocrx_word' id='word_1_43' title='bbox 521 731 710 820; x_wconf 80' lang='grc' dir='ltr'><em>περιέχηται</em></span> <span class='ocrx_word' id='word_1_44' title='bbox 729 729 794 799; x_wconf 86' lang='grc' dir='ltr'><em>ὑπὸ</em></span> <span class='ocrx_word' id='word_1_45' title='bbox 810 733 911 817; x_wconf 80' lang='grc' dir='ltr'><strong><em>ῥητῆς</em></strong></span> <span class='ocrx_word' id='word_1_46' title='bbox 927 731 983 797; x_wconf 81' lang='grc' dir='ltr'><em>καὶ</em></span> <span class='ocrx_word' id='word_1_47' title='bbox 1002 729 1041 799; x_wconf 79' lang='grc' dir='ltr'><em>τὰ</em></span> <span class='ocrx_word' id='word_1_48' title='bbox 1065 732 1153 818; x_wconf 83' lang='grc' dir='ltr'><em>ἑξῆς.</em></span> 
     </span>
    </p>
   </div>
   <div class='ocr_carea' id='block_1_3' title="bbox 79 944 1154 2863">
    <p class='ocr_par' dir='ltr' id='par_1_4' title="bbox 610 944 673 1031">
     <span class='ocr_line' id='line_1_7' title="bbox 610 944 673 1031; baseline -0.032 -17"><span class='ocrx_word' id='word_1_49' title='bbox 610 944 673 1031; x_wconf 78' lang='grc' dir='ltr'><em>οβ’.</em></span> 
     </span>
    </p>

    <p class='ocr_par' dir='ltr' id='par_1_5' title="bbox 132 1064 1154 1370">
     <span class='ocr_line' id='line_1_8' title="bbox 196 1064 1154 1159; baseline 0.001 -22"><span class='ocrx_word' id='word_1_50' title='bbox 196 1066 285 1137; x_wconf 79' lang='grc' dir='ltr'><em>Ἐὰν</em></span> <span class='ocrx_word' id='word_1_51' title='bbox 308 1074 457 1159; x_wconf 86' lang='grc' dir='ltr'><em>χωρίον</em></span> <span class='ocrx_word' id='word_1_52' title='bbox 481 1070 710 1156; x_wconf 83' lang='grc' dir='ltr'><em>περιέχηται</em></span> <span class='ocrx_word' id='word_1_53' title='bbox 732 1064 807 1137; x_wconf 82' lang='grc' dir='ltr'><em>δπδ</em></span> <span class='ocrx_word' id='word_1_54' title='bbox 831 1070 949 1156; x_wconf 79' lang='grc' dir='ltr'><em>ῥητῆς</em></span> <span class='ocrx_word' id='word_1_55' title='bbox 972 1069 1036 1135; x_wconf 80' lang='grc' dir='ltr'><em>καὶ</em></span> <span class='ocrx_word' id='word_1_56' title='bbox 1055 1068 1154 1138; x_wconf 84' lang='grc' dir='ltr'><em>ἄπο-</em></span> 
     </span>
     <span class='ocr_line' id='line_1_9' title="bbox 132 1172 1154 1263; baseline -0.001 -18"><span class='ocrx_word' id='word_1_57' title='bbox 132 1181 256 1263; x_wconf 90' lang='grc' dir='ltr'><em>τομῆς</em></span> <span class='ocrx_word' id='word_1_58' title='bbox 280 1175 484 1260; x_wconf 79' lang='grc' dir='ltr'><em>δευτέρας,</em></span> <span class='ocrx_word' id='word_1_59' title='bbox 512 1172 533 1261; x_wconf 88' lang='grc' dir='ltr'><em>ῆ</em></span> <span class='ocrx_word' id='word_1_60' title='bbox 561 1173 603 1242; x_wconf 84' lang='grc' dir='ltr'><em>τὸ</em></span> <span class='ocrx_word' id='word_1_61' title='bbox 632 1180 778 1263; x_wconf 89' lang='grc' dir='ltr'><em>χωρίον</em></span> <span class='ocrx_word' id='word_1_62' title='bbox 803 1175 1003 1262; x_wconf 74' lang='grc' dir='ltr'><em>δυναμένη</em></span> <span class='ocrx_word' id='word_1_63' title='bbox 1027 1176 1154 1263; x_wconf 80' lang='grc' dir='ltr'><em>μέσης</em></span> 
     </span>
     <span class='ocr_line' id='line_1_10' title="bbox 132 1280 580 1370; baseline -0.004 -19"><span class='ocrx_word' id='word_1_64' title='bbox 132 1281 311 1370; x_wconf 84' lang='grc' dir='ltr'><em>ἀποτομή</em></span> <span class='ocrx_word' id='word_1_65' title='bbox 334 1284 416 1350; x_wconf 82' lang='grc' dir='ltr'><em>ἐστι</em></span> <span class='ocrx_word' id='word_1_66' title='bbox 439 1280 580 1368; x_wconf 78' lang='grc' dir='ltr'><em>πρώτη.</em></span> 
     </span>
    </p>

    <p class='ocr_par' dir='ltr' id='par_1_6' title="bbox 80 1384 1152 1689">
     <span class='ocr_line' id='line_1_11' title="bbox 80 1384 1151 1476; baseline -0.006 -15"><span class='ocrx_word' id='word_1_67' title='bbox 80 1412 114 1461; x_wconf 84' lang='grc'><em>10</em></span> <span class='ocrx_word' id='word_1_68' title='bbox 200 1395 335 1476; x_wconf 92' lang='grc' dir='ltr'><em>Χωρίον</em></span> <span class='ocrx_word' id='word_1_69' title='bbox 361 1386 426 1474; x_wconf 78' lang='grc' dir='ltr'><em>γὰρ</em></span> <span class='ocrx_word' id='word_1_70' title='bbox 454 1386 491 1455; x_wconf 91' lang='grc' dir='ltr'><em>τδ</em></span> <span class='ocrx_word' id='word_1_71' title='bbox 520 1394 586 1454; x_wconf 91' lang='lat' dir='ltr'><em>AB</em></span> <span class='ocrx_word' id='word_1_72' title='bbox 618 1388 822 1474; x_wconf 80' lang='grc' dir='ltr'><em>περιεχέσθω</em></span> <span class='ocrx_word' id='word_1_73' title='bbox 855 1384 920 1455; x_wconf 80' lang='grc' dir='ltr'><em>ὑπὸ</em></span> <span class='ocrx_word' id='word_1_74' title='bbox 955 1389 1057 1476; x_wconf 80' lang='grc' dir='ltr'><em>ῥητῆς</em></span> <span class='ocrx_word' id='word_1_75' title='bbox 1087 1392 1151 1475; x_wconf 93' lang='grc' dir='ltr'><em>τῆς</em></span> 
     </span>
     <span class='ocr_line' id='line_1_12' title="bbox 132 1492 1152 1583; baseline 0.001 -19"><span class='ocrx_word' id='word_1_76' title='bbox 132 1502 203 1564; x_wconf 89' lang='grc' dir='ltr'><em>ΑΓ</em></span> <span class='ocrx_word' id='word_1_77' title='bbox 220 1495 275 1562; x_wconf 82' lang='grc' dir='ltr'><em>καὶ</em></span> <span class='ocrx_word' id='word_1_78' title='bbox 300 1492 469 1579; x_wconf 80' lang='grc' dir='ltr'><em>ἀποτομῆς</em></span> <span class='ocrx_word' id='word_1_79' title='bbox 492 1494 648 1582; x_wconf 85' lang='grc' dir='ltr'><em>δευτέρας</em></span> <span class='ocrx_word' id='word_1_80' title='bbox 671 1496 728 1579; x_wconf 88' lang='grc' dir='ltr'><em>τῆς</em></span> <span class='ocrx_word' id='word_1_81' title='bbox 746 1497 835 1581; x_wconf 69' lang='lat' dir='ltr'><em>{M</em></span> <span class='ocrx_word' id='word_1_82' title='bbox 872 1495 966 1582; x_wconf 80' lang='grc' dir='ltr'><em>λέγω,</em></span> <span class='ocrx_word' id='word_1_83' title='bbox 991 1493 1041 1563; x_wconf 83' lang='grc' dir='ltr'><em>ὅτι</em></span> <span class='ocrx_word' id='word_1_84' title='bbox 1064 1493 1085 1583; x_wconf 87' lang='grc' dir='ltr'><em>ῆ</em></span> <span class='ocrx_word' id='word_1_85' title='bbox 1109 1495 1152 1565; x_wconf 89' lang='grc' dir='ltr'><em>τὸ</em></span> 
     </span>
     <span class='ocr_line' id='line_1_13' title="bbox 132 1599 1077 1689; baseline 0.001 -19"><span class='ocrx_word' id='word_1_86' title='bbox 132 1609 197 1670; x_wconf 89' lang='grc' dir='ltr'><em>ΑΒ</em></span> <span class='ocrx_word' id='word_1_87' title='bbox 220 1605 345 1688; x_wconf 92' lang='grc' dir='ltr'><em>χωρίον</em></span> <span class='ocrx_word' id='word_1_88' title='bbox 370 1600 539 1686; x_wconf 86' lang='grc' dir='ltr'><em>δυναμένη</em></span> <span class='ocrx_word' id='word_1_89' title='bbox 563 1600 664 1686; x_wconf 85' lang='grc' dir='ltr'><em>μέσης</em></span> <span class='ocrx_word' id='word_1_90' title='bbox 687 1599 837 1687; x_wconf 87' lang='grc' dir='ltr'><em>ιἰποτομῆ</em></span> <span class='ocrx_word' id='word_1_91' title='bbox 862 1603 932 1669; x_wconf 86' lang='grc' dir='ltr'><em>έστι</em></span> <span class='ocrx_word' id='word_1_92' title='bbox 954 1602 1077 1689; x_wconf 76' lang='grc' dir='ltr'><em>πρώτη.</em></span> 
     </span>
    </p>

    <p class='ocr_par' dir='ltr' id='par_1_7' title="bbox 132 1704 1152 1904">
     <span class='ocr_line' id='line_1_14' title="bbox 188 1704 1152 1798; baseline 0.004 -24"><span class='ocrx_word' id='word_1_93' title='bbox 188 1704 298 1774; x_wconf 79' lang='grc' dir='ltr'><em>Ἔστω</em></span> <span class='ocrx_word' id='word_1_94' title='bbox 316 1705 381 1795; x_wconf 80' lang='grc' dir='ltr'><em>γὰρ</em></span> <span class='ocrx_word' id='word_1_95' title='bbox 404 1709 443 1794; x_wconf 86' lang='grc' dir='ltr'><em>τῆ</em></span> <span class='ocrx_word' id='word_1_96' title='bbox 468 1713 538 1773; x_wconf 89' lang='grc' dir='ltr'><em>ΑΔ</em></span> <span class='ocrx_word' id='word_1_97' title='bbox 560 1706 838 1796; x_wconf 84' lang='grc' dir='ltr'><em>προσαρμόζουσα</em></span> <span class='ocrx_word' id='word_1_98' title='bbox 861 1706 882 1795; x_wconf 88' lang='grc' dir='ltr'><em>ῆ</em></span> <span class='ocrx_word' id='word_1_99' title='bbox 907 1716 992 1776; x_wconf 89' lang='grc' dir='ltr'><em>ΔΗ·</em></span> <span class='ocrx_word' id='word_1_100' title='bbox 1023 1711 1061 1776; x_wconf 86' lang='grc' dir='ltr'><em>αί</em></span> <span class='ocrx_word' id='word_1_101' title='bbox 1082 1707 1152 1798; x_wconf 73' lang='grc' dir='ltr'><em>ἄρα</em></span> 
     </span>
     <span class='ocr_line' id='line_1_15' title="bbox 132 1811 1151 1904; baseline 0.003 -24"><span class='ocrx_word' id='word_1_102' title='bbox 132 1821 212 1898; x_wconf 86' lang='grc' dir='ltr'><em>ΑΗ,</em></span> <span class='ocrx_word' id='word_1_103' title='bbox 235 1820 309 1881; x_wconf 89' lang='grc' dir='ltr'><em>ΗΔ</em></span> <span class='ocrx_word' id='word_1_104' title='bbox 332 1814 432 1900; x_wconf 80' lang='grc' dir='ltr'><em>ῥηταί</em></span> <span class='ocrx_word' id='word_1_105' title='bbox 448 1817 512 1880; x_wconf 89' lang='grc' dir='ltr'><em>είσι</em></span> <span class='ocrx_word' id='word_1_106' title='bbox 536 1811 679 1901; x_wconf 78' lang='grc' dir='ltr'><em>δυνάμει</em></span> <span class='ocrx_word' id='word_1_107' title='bbox 701 1812 808 1901; x_wconf 93' lang='grc' dir='ltr'><em>μόνον</em></span> <span class='ocrx_word' id='word_1_108' title='bbox 832 1813 1023 1904; x_wconf 85' lang='grc' dir='ltr'><em>σύμμετροι,</em></span> <span class='ocrx_word' id='word_1_109' title='bbox 1045 1816 1103 1882; x_wconf 86' lang='grc' dir='ltr'><em>καὶ</em></span> <span class='ocrx_word' id='word_1_110' title='bbox 1129 1814 1151 1904; x_wconf 88' lang='grc' dir='ltr'><em>ῆ</em></span> 
     </span>
    </p>

    <p class='ocr_par' dir='ltr' id='par_1_8' title="bbox 81 1918 1153 2437">
     <span class='ocr_line' id='line_1_16' title="bbox 81 1918 1152 2011; baseline -0.002 -19"><span class='ocrx_word' id='word_1_111' title='bbox 81 1942 114 1993; x_wconf 81' lang='lat'><em>16</em></span> <span class='ocrx_word' id='word_1_112' title='bbox 133 1919 412 2009; x_wconf 81' lang='grc' dir='ltr'><em>προσαρμόζουσα</em></span> <span class='ocrx_word' id='word_1_113' title='bbox 440 1918 461 2005; x_wconf 91' lang='grc' dir='ltr'><em>ῆ</em></span> <span class='ocrx_word' id='word_1_114' title='bbox 489 1926 568 1987; x_wconf 90' lang='grc' dir='ltr'><em>ΔΗ</em></span> <span class='ocrx_word' id='word_1_115' title='bbox 595 1918 781 2008; x_wconf 85' lang='grc' dir='ltr'><em>σύμμετρός</em></span> <span class='ocrx_word' id='word_1_116' title='bbox 813 1924 880 1989; x_wconf 87' lang='grc' dir='ltr'><em>έστι</em></span> <span class='ocrx_word' id='word_1_117' title='bbox 908 1925 947 2010; x_wconf 87' lang='grc' dir='ltr'><em>τῆ</em></span> <span class='ocrx_word' id='word_1_118' title='bbox 977 1923 1152 2011; x_wconf 85' lang='grc' dir='ltr'><em>έκκειμένη</em></span> 
     </span>
     <span class='ocr_line' id='line_1_17' title="bbox 133 2023 1153 2116; baseline 0.001 -21"><span class='ocrx_word' id='word_1_119' title='bbox 133 2029 215 2115; x_wconf 80' lang='grc' dir='ltr'><em>ῥητῆ</em></span> <span class='ocrx_word' id='word_1_120' title='bbox 243 2030 282 2116; x_wconf 86' lang='grc' dir='ltr'><em>τῆ</em></span> <span class='ocrx_word' id='word_1_121' title='bbox 307 2032 389 2112; x_wconf 88' lang='grc' dir='ltr'><em>ΑΓ,</em></span> <span class='ocrx_word' id='word_1_122' title='bbox 420 2025 440 2112; x_wconf 80' lang='grc' dir='ltr'><em>ἡ</em></span> <span class='ocrx_word' id='word_1_123' title='bbox 470 2025 507 2093; x_wconf 73' lang='grc' dir='ltr'><em>δέ</em></span> <span class='ocrx_word' id='word_1_124' title='bbox 536 2023 596 2111; x_wconf 85' lang='grc' dir='ltr'><em>ὅλη</em></span> <span class='ocrx_word' id='word_1_125' title='bbox 623 2025 643 2113; x_wconf 88' lang='grc' dir='ltr'><em>ῆ</em></span> <span class='ocrx_word' id='word_1_126' title='bbox 670 2034 745 2094; x_wconf 90' lang='grc' dir='ltr'><em>ΑΗ</em></span> <span class='ocrx_word' id='word_1_127' title='bbox 768 2030 826 2114; x_wconf 92' lang='grc' dir='ltr'><em>τῆς</em></span> <span class='ocrx_word' id='word_1_128' title='bbox 853 2027 1153 2115; x_wconf 79' lang='grc' dir='ltr'><em>προσαρμοζούσης</em></span> 
     </span>
     <span class='ocr_line' id='line_1_18' title="bbox 131 2129 1151 2223; baseline 0.003 -23"><span class='ocrx_word' id='word_1_129' title='bbox 131 2137 190 2220; x_wconf 90' lang='grc' dir='ltr'><em>τῆς</em></span> <span class='ocrx_word' id='word_1_130' title='bbox 203 2139 243 2199; x_wconf 90' lang='grc' dir='ltr'><strong><em>Η</em></strong></span> <span class='ocrx_word' id='word_1_131' title='bbox 244 2142 277 2200; x_wconf 90' lang='grc' dir='ltr'><em>Δ</em></span> <span class='ocrx_word' id='word_1_132' title='bbox 292 2138 403 2219; x_wconf 84' lang='grc' dir='ltr'><em>μείζον</em></span> <span class='ocrx_word' id='word_1_133' title='bbox 418 2131 558 2199; x_wconf 85' lang='grc' dir='ltr'><em>δυ’ναται</em></span> <span class='ocrx_word' id='word_1_134' title='bbox 572 2136 618 2223; x_wconf 76' lang='grc' dir='ltr'><em>τῷ</em></span> <span class='ocrx_word' id='word_1_135' title='bbox 638 2129 703 2201; x_wconf 90' lang='grc' dir='ltr'><em>ιἰπδ</em></span> <span class='ocrx_word' id='word_1_136' title='bbox 723 2135 913 2222; x_wconf 89' lang='grc' dir='ltr'><em>συμμέτρου</em></span> <span class='ocrx_word' id='word_1_137' title='bbox 927 2134 1026 2223; x_wconf 83' lang='grc' dir='ltr'><em>ἑαυτῆ</em></span> <span class='ocrx_word' id='word_1_138' title='bbox 1041 2134 1151 2220; x_wconf 88' lang='grc' dir='ltr'><em>μῆκει.</em></span> 
     </span>
     <span class='ocr_line' id='line_1_19' title="bbox 133 2230 1152 2331; baseline 0.001 -24"><span class='ocrx_word' id='word_1_139' title='bbox 133 2239 202 2307; x_wconf 76' lang='grc' dir='ltr'><em>ἐπεὶ</em></span> <span class='ocrx_word' id='word_1_140' title='bbox 222 2230 285 2307; x_wconf 84' lang='grc' dir='ltr'><em>οὖν</em></span> <span class='ocrx_word' id='word_1_141' title='bbox 303 2239 324 2326; x_wconf 86' lang='grc' dir='ltr'><em>ῆ</em></span> <span class='ocrx_word' id='word_1_142' title='bbox 344 2244 421 2307; x_wconf 89' lang='grc' dir='ltr'><em>ΑΗ</em></span> <span class='ocrx_word' id='word_1_143' title='bbox 438 2242 497 2325; x_wconf 89' lang='grc' dir='ltr'><em>τῆς</em></span> <span class='ocrx_word' id='word_1_144' title='bbox 513 2247 554 2308; x_wconf 89' lang='grc' dir='ltr'><em>Η</em></span> <span class='ocrx_word' id='word_1_145' title='bbox 558 2246 591 2304; x_wconf 90' lang='grc' dir='ltr'><em>Δ</em></span> <span class='ocrx_word' id='word_1_146' title='bbox 615 2245 727 2326; x_wconf 80' lang='grc' dir='ltr'><em>μεῖζον</em></span> <span class='ocrx_word' id='word_1_147' title='bbox 751 2239 893 2308; x_wconf 85' lang='grc' dir='ltr'><em>δύναται</em></span> <span class='ocrx_word' id='word_1_148' title='bbox 914 2243 960 2331; x_wconf 76' lang='grc' dir='ltr'><em>τῷ</em></span> <span class='ocrx_word' id='word_1_149' title='bbox 984 2237 1049 2308; x_wconf 82' lang='grc' dir='ltr'><em>ἀπὸ</em></span> <span class='ocrx_word' id='word_1_150' title='bbox 1070 2259 1152 2328; x_wconf 81' lang='grc' dir='ltr'><em>συμ</em></span> 
     </span>
     <span class='ocr_line' id='line_1_20' title="bbox 132 2341 1152 2437; baseline -0.001 -23"><span class='ocrx_word' id='word_1_151' title='bbox 132 2348 255 2432; x_wconf 83' lang='grc' dir='ltr'><em>μέτρον</em></span> <span class='ocrx_word' id='word_1_152' title='bbox 279 2346 391 2433; x_wconf 83' lang='grc' dir='ltr'><em>ἑαυτῆ,</em></span> <span class='ocrx_word' id='word_1_153' title='bbox 416 2342 475 2412; x_wconf 84' lang='grc' dir='ltr'><em>έδν</em></span> <span class='ocrx_word' id='word_1_154' title='bbox 498 2343 564 2433; x_wconf 80' lang='grc' dir='ltr'><em>ἄρα</em></span> <span class='ocrx_word' id='word_1_155' title='bbox 587 2355 632 2437; x_wconf 74' lang='grc' dir='ltr'><em>τῷ</em></span> <span class='ocrx_word' id='word_1_156' title='bbox 651 2343 795 2437; x_wconf 78' lang='grc' dir='ltr'><em>τετάρτω</em></span> <span class='ocrx_word' id='word_1_157' title='bbox 816 2346 906 2432; x_wconf 81' lang='grc' dir='ltr'><em>μέρει</em></span> <span class='ocrx_word' id='word_1_158' title='bbox 924 2351 986 2413; x_wconf 83' lang='grc' dir='ltr'><em>τοῦ</em></span> <span class='ocrx_word' id='word_1_159' title='bbox 1005 2341 1070 2414; x_wconf 89' lang='grc' dir='ltr'><em>ιἰπδ</em></span> <span class='ocrx_word' id='word_1_160' title='bbox 1090 2351 1152 2433; x_wconf 88' lang='grc' dir='ltr'><em>τῆς</em></span> 
     </span>
    </p>

    <p class='ocr_par' dir='ltr' id='par_1_9' title="bbox 79 2444 1152 2863">
     <span class='ocr_line' id='line_1_21' title="bbox 79 2444 1152 2540; baseline -0.003 -17"><span class='ocrx_word' id='word_1_161' title='bbox 79 2474 115 2523; x_wconf 80' lang='lat'><em>20</em></span> <span class='ocrx_word' id='word_1_162' title='bbox 133 2457 173 2519; x_wconf 90' lang='grc' dir='ltr'><strong><em>Η</em></strong></span> <span class='ocrx_word' id='word_1_163' title='bbox 175 2461 208 2518; x_wconf 83' lang='grc' dir='ltr'><em>Λ</em></span> <span class='ocrx_word' id='word_1_164' title='bbox 236 2461 311 2519; x_wconf 79' lang='grc' dir='ltr'><em>ἴσον</em></span> <span class='ocrx_word' id='word_1_165' title='bbox 339 2449 428 2539; x_wconf 84' lang='grc' dir='ltr'><em>παρὰ</em></span> <span class='ocrx_word' id='word_1_166' title='bbox 456 2449 519 2538; x_wconf 86' lang='grc' dir='ltr'><em>τῆν</em></span> <span class='ocrx_word' id='word_1_167' title='bbox 546 2459 623 2520; x_wconf 87' lang='grc' dir='ltr'><em>ΑΗ</em></span> <span class='ocrx_word' id='word_1_168' title='bbox 645 2456 848 2540; x_wconf 88' lang='grc' dir='ltr'><em>παραβληθῆ</em></span> <span class='ocrx_word' id='word_1_169' title='bbox 881 2444 1033 2520; x_wconf 76' lang='grc' dir='ltr'><em>ἐλλεῖπον</em></span> <span class='ocrx_word' id='word_1_170' title='bbox 1066 2455 1152 2522; x_wconf 86' lang='grc' dir='ltr'><em>είδει</em></span> 
     </span>
     <span class='ocr_line' id='line_1_22' title="bbox 132 2556 1152 2648; baseline 0.004 -24"><span class='ocrx_word' id='word_1_171' title='bbox 132 2559 343 2648; x_wconf 74' lang='grc' dir='ltr'><em>τετραγώνῳ,</em></span> <span class='ocrx_word' id='word_1_172' title='bbox 377 2561 424 2637; x_wconf 89' lang='grc' dir='ltr'><em>είς</em></span> <span class='ocrx_word' id='word_1_173' title='bbox 452 2557 622 2645; x_wconf 85' lang='grc' dir='ltr'><em>σύμμετρα</em></span> <span class='ocrx_word' id='word_1_174' title='bbox 651 2556 758 2645; x_wconf 79' lang='grc' dir='ltr'><em>αὐτὴν</em></span> <span class='ocrx_word' id='word_1_175' title='bbox 789 2561 919 2645; x_wconf 84' lang='grc' dir='ltr'><em>διαιρεί.</em></span> <span class='ocrx_word' id='word_1_176' title='bbox 972 2558 1152 2646; x_wconf 76' lang='grc' dir='ltr'><em>τετμήσθω</em></span> 
     </span>
     <span class='ocr_line' id='line_1_23' title="bbox 134 2654 1152 2756; baseline 0.003 -25"><span class='ocrx_word' id='word_1_177' title='bbox 134 2654 197 2731; x_wconf 81' lang='grc' dir='ltr'><em>οὖν</em></span> <span class='ocrx_word' id='word_1_178' title='bbox 220 2662 241 2750; x_wconf 86' lang='grc' dir='ltr'><em>ῆ</em></span> <span class='ocrx_word' id='word_1_179' title='bbox 262 2670 338 2731; x_wconf 84' lang='grc' dir='ltr'><em>ΛΗ</em></span> <span class='ocrx_word' id='word_1_180' title='bbox 358 2667 435 2751; x_wconf 93' lang='grc' dir='ltr'><em>δίχα</em></span> <span class='ocrx_word' id='word_1_181' title='bbox 457 2663 539 2731; x_wconf 79' lang='grc' dir='ltr'><em>κατὰ</em></span> <span class='ocrx_word' id='word_1_182' title='bbox 559 2662 596 2732; x_wconf 90' lang='grc' dir='ltr'><em>τδ</em></span> <span class='ocrx_word' id='word_1_183' title='bbox 617 2672 661 2731; x_wconf 85' lang='grc' dir='ltr'><em>Ε·</em></span> <span class='ocrx_word' id='word_1_184' title='bbox 684 2664 740 2731; x_wconf 80' lang='grc' dir='ltr'><em>καὶ</em></span> <span class='ocrx_word' id='word_1_185' title='bbox 759 2669 803 2756; x_wconf 78' lang='grc' dir='ltr'><em>τῷ</em></span> <span class='ocrx_word' id='word_1_186' title='bbox 824 2661 890 2733; x_wconf 76' lang='grc' dir='ltr'><em>ἀπὸ</em></span> <span class='ocrx_word' id='word_1_187' title='bbox 908 2668 966 2752; x_wconf 88' lang='grc' dir='ltr'><em>τῆς</em></span> <span class='ocrx_word' id='word_1_188' title='bbox 984 2671 1058 2732; x_wconf 83' lang='grc' dir='ltr'><em>ΕΗ</em></span> <span class='ocrx_word' id='word_1_189' title='bbox 1072 2673 1152 2734; x_wconf 73' lang='grc' dir='ltr'><em>ἴσον</em></span> 
     </span>
     <span class='ocr_line' id='line_1_24' title="bbox 132 2768 1151 2863; baseline 0.003 -26"><span class='ocrx_word' id='word_1_190' title='bbox 132 2769 221 2859; x_wconf 85' lang='grc' dir='ltr'><em>παρὰ</em></span> <span class='ocrx_word' id='word_1_191' title='bbox 236 2768 298 2858; x_wconf 87' lang='grc' dir='ltr'><em>τῆν</em></span> <span class='ocrx_word' id='word_1_192' title='bbox 313 2778 344 2838; x_wconf 87' lang='grc' dir='ltr'><em>Α</em></span> <span class='ocrx_word' id='word_1_193' title='bbox 349 2778 389 2838; x_wconf 90' lang='grc' dir='ltr'><strong><em>Η</em></strong></span> <span class='ocrx_word' id='word_1_194' title='bbox 397 2768 665 2859; x_wconf 82' lang='grc' dir='ltr'><em>παραβεβλήσθω</em></span> <span class='ocrx_word' id='word_1_195' title='bbox 681 2771 833 2840; x_wconf 82' lang='grc' dir='ltr'><em>έλλείπον</em></span> <span class='ocrx_word' id='word_1_196' title='bbox 847 2775 929 2840; x_wconf 87' lang='grc' dir='ltr'><em>είδει</em></span> <span class='ocrx_word' id='word_1_197' title='bbox 943 2770 1151 2863; x_wconf 75' lang='grc' dir='ltr'><em>τετραγώνῳ,</em></span> 
     </span>
    </p>
   </div>
   <div class='ocr_carea' id='block_1_4' title="bbox 133 3014 1152 3374">
    <p class='ocr_par' dir='ltr' id='par_1_10' title="bbox 133 3014 1152 3303">
     <span class='ocr_line' id='line_1_25' title="bbox 205 3014 1150 3091; baseline 0 -18"><span class='ocrx_word' id='word_1_198' title='bbox 205 3025 229 3076; x_wconf 79' lang='lat'><em>2.</em></span> <span class='ocrx_word' id='word_1_199' title='bbox 250 3020 326 3091; x_wconf 90' lang='grc' dir='ltr'><em>ΟΝ]</em></span> <span class='ocrx_word' id='word_1_200' title='bbox 347 3022 531 3075; x_wconf 83' lang='lat' dir='ltr'>NOecorr.</span> <span class='ocrx_word' id='word_1_201' title='bbox 551 3019 584 3076; x_wconf 87' lang='lat' dir='ltr'><em>V.</em></span> <span class='ocrx_word' id='word_1_202' title='bbox 640 3016 941 3088; x_wconf 71' lang='lat' dir='ltr'>sluth‚sedvdel.</span> <span class='ocrx_word' id='word_1_203' title='bbox 1001 3025 1027 3072; x_wconf 83' lang='lat'><em>4.</em></span> <span class='ocrx_word' id='word_1_204' title='bbox 1045 3014 1078 3073; x_wconf 87' lang='grc' dir='ltr'><em>τδ</em></span> <span class='ocrx_word' id='word_1_205' title='bbox 1098 3025 1150 3073; x_wconf 90' lang='grc' dir='ltr'><em>ΑΒ</em></span> 
     </span>
     <span class='ocr_line' id='line_1_26' title="bbox 133 3085 1152 3162; baseline 0 -17"><span class='ocrx_word' id='word_1_206' title='bbox 133 3087 191 3161; x_wconf 76' lang='grc' dir='ltr'><em>ἄρα</em></span> <span class='ocrx_word' id='word_1_207' title='bbox 208 3090 243 3146; x_wconf 89' lang='lat' dir='ltr'><em>V.</em></span> <span class='ocrx_word' id='word_1_208' title='bbox 316 3096 341 3145; x_wconf 82' lang='lat'><em>5.</em></span> <span class='ocrx_word' id='word_1_209' title='bbox 361 3091 410 3144; x_wconf 78' lang='grc' dir='ltr'><em>καὶ</em></span> <span class='ocrx_word' id='word_1_210' title='bbox 427 3086 463 3144; x_wconf 82' lang='grc' dir='ltr'><em>τδι</em></span> <span class='ocrx_word' id='word_1_211' title='bbox 483 3085 559 3162; x_wconf 77' lang='grc' dir='ltr'><em>έξῆς]</em></span> <span class='ocrx_word' id='word_1_212' title='bbox 581 3090 630 3144; x_wconf 82' lang='grc' dir='ltr'><em>ιαλ</em></span> <span class='ocrx_word' id='word_1_213' title='bbox 649 3085 795 3160; x_wconf 73' lang='grc' dir='ltr'><em>ἀποτομῆς</em></span> <span class='ocrx_word' id='word_1_214' title='bbox 813 3087 936 3159; x_wconf 76' lang='grc' dir='ltr'><em>πρώτης,</em></span> <span class='ocrx_word' id='word_1_215' title='bbox 955 3086 973 3158; x_wconf 85' lang='grc' dir='ltr'><em>ῆ</em></span> <span class='ocrx_word' id='word_1_216' title='bbox 993 3086 1024 3144; x_wconf 92' lang='grc' dir='ltr'><em>τδ</em></span> <span class='ocrx_word' id='word_1_217' title='bbox 1045 3093 1152 3157; x_wconf 88' lang='grc' dir='ltr'><em>χωρίον</em></span> 
     </span>
     <span class='ocr_line' id='line_1_27' title="bbox 135 3156 1151 3232; baseline 0.001 -18"><span class='ocrx_word' id='word_1_218' title='bbox 135 3161 281 3230; x_wconf 83' lang='grc' dir='ltr'><em>δυναμένη</em></span> <span class='ocrx_word' id='word_1_219' title='bbox 301 3157 431 3231; x_wconf 80' lang='grc' dir='ltr'><em>ἄποτομῆ</em></span> <span class='ocrx_word' id='word_1_220' title='bbox 457 3156 532 3216; x_wconf 86' lang='grc' dir='ltr'><em>έστιν</em></span> <span class='ocrx_word' id='word_1_221' title='bbox 557 3162 654 3217; x_wconf 82' lang='lat' dir='ltr'><strong>Theon</strong></span> <span class='ocrx_word' id='word_1_222' title='bbox 675 3161 818 3232; x_wconf 83' lang='lat' dir='ltr'><strong>(BFVb).</strong></span> <span class='ocrx_word' id='word_1_223' title='bbox 897 3167 921 3216; x_wconf 85' lang='grc'><em>8.</em></span> <span class='ocrx_word' id='word_1_224' title='bbox 946 3161 1016 3231; x_wconf 83' lang='grc' dir='ltr'><em>μέση</em></span> <span class='ocrx_word' id='word_1_225' title='bbox 1042 3160 1151 3216; x_wconf 84' lang='lat' dir='ltr'>BFVb</span> 
     </span>
     <span class='ocr_line' id='line_1_28' title="bbox 135 3228 1150 3303; baseline 0 -17"><span class='ocrx_word' id='word_1_226' title='bbox 135 3233 163 3286; x_wconf 77' lang='lat' dir='ltr'><em>et</em></span> <span class='ocrx_word' id='word_1_227' title='bbox 180 3230 211 3298; x_wconf 89' lang='lat' dir='ltr'><em>P,</em></span> <span class='ocrx_word' id='word_1_228' title='bbox 232 3232 281 3284; x_wconf 83' lang='lat' dir='ltr'><em>sed</em></span> <span class='ocrx_word' id='word_1_229' title='bbox 300 3249 369 3286; x_wconf 82' lang='lat' dir='ltr'><strong>corr.</strong></span> <span class='ocrx_word' id='word_1_230' title='bbox 388 3249 425 3286; x_wconf 90' lang='lat' dir='ltr'><em>m.</em></span> <span class='ocrx_word' id='word_1_231' title='bbox 446 3237 470 3285; x_wconf 93' lang='lat'><em>1.</em></span> <span class='ocrx_word' id='word_1_232' title='bbox 537 3237 579 3289; x_wconf 88' lang='lat'><em>11.</em></span> <span class='ocrx_word' id='word_1_233' title='bbox 599 3232 665 3303; x_wconf 85' lang='grc' dir='ltr'><em>ΑΔ]</em></span> <span class='ocrx_word' id='word_1_234' title='bbox 684 3237 733 3286; x_wconf 85' lang='grc' dir='ltr'><em>ΑΒ</em></span> <span class='ocrx_word' id='word_1_235' title='bbox 752 3232 783 3298; x_wconf 88' lang='lat' dir='ltr'><em>b;</em></span> <span class='ocrx_word' id='word_1_236' title='bbox 803 3228 835 3286; x_wconf 67' lang='grc' dir='ltr'><em>δὲ</em></span> <span class='ocrx_word' id='word_1_237' title='bbox 854 3236 907 3286; x_wconf 81' lang='grc' dir='ltr'><em>ΑΔ</em></span> <span class='ocrx_word' id='word_1_238' title='bbox 926 3231 958 3301; x_wconf 85' lang='grc' dir='ltr'><em>Ρ,</em></span> <span class='ocrx_word' id='word_1_239' title='bbox 977 3248 1047 3286; x_wconf 82' lang='lat' dir='ltr'><strong>corr.</strong></span> <span class='ocrx_word' id='word_1_240' title='bbox 1066 3250 1104 3286; x_wconf 87' lang='lat' dir='ltr'><em>m.</em></span> <span class='ocrx_word' id='word_1_241' title='bbox 1126 3238 1150 3287; x_wconf 92' lang='lat'><em>1.</em></span> 
     </span>
    </p>

    <p class='ocr_par' dir='ltr' id='par_1_11' title="bbox 170 3301 1150 3374">
     <span class='ocr_line' id='line_1_29' title="bbox 170 3301 1150 3374; baseline 0.003 -19"><span class='ocrx_word' id='word_1_242' title='bbox 170 3307 213 3355; x_wconf 81' lang='lat'><em>12.</em></span> <span class='ocrx_word' id='word_1_243' title='bbox 233 3302 294 3373; x_wconf 86' lang='lat' dir='ltr'><em>AB]</em></span> <span class='ocrx_word' id='word_1_244' title='bbox 314 3318 383 3355; x_wconf 84' lang='lat' dir='ltr'>corr.</span> <span class='ocrx_word' id='word_1_245' title='bbox 399 3306 501 3356; x_wconf 76' lang='lat' dir='ltr'><em>exAA</em></span> <span class='ocrx_word' id='word_1_246' title='bbox 515 3301 549 3358; x_wconf 88' lang='lat' dir='ltr'><em>V.</em></span> <span class='ocrx_word' id='word_1_247' title='bbox 604 3302 674 3373; x_wconf 83' lang='grc' dir='ltr'><em>μέση</em></span> <span class='ocrx_word' id='word_1_248' title='bbox 689 3303 772 3374; x_wconf 69' lang='grc' dir='ltr'><em>ΒΝ),</em></span> <span class='ocrx_word' id='word_1_249' title='bbox 792 3302 821 3356; x_wconf 70' lang='grc' dir='ltr'><em>εδ</em></span> <span class='ocrx_word' id='word_1_250' title='bbox 834 3303 868 3371; x_wconf 90' lang='lat' dir='ltr'><em>V,</em></span> <span class='ocrx_word' id='word_1_251' title='bbox 888 3318 958 3359; x_wconf 82' lang='lat' dir='ltr'><strong>corr.</strong></span> <span class='ocrx_word' id='word_1_252' title='bbox 972 3321 1008 3358; x_wconf 88' lang='lat' dir='ltr'><em>m.</em></span> <span class='ocrx_word' id='word_1_253' title='bbox 1024 3309 1049 3358; x_wconf 79' lang='lat'><em>2.</em></span> <span class='ocrx_word' id='word_1_254' title='bbox 1107 3309 1150 3359; x_wconf 86' lang='lat'><em>14.</em></span> 
     </span>
    </p>
   </div>
   <div class='ocr_carea' id='block_1_5' title="bbox 135 3369 1150 3500">
    <p class='ocr_par' dir='ltr' id='par_1_12' title="bbox 135 3369 1150 3500">
     <span class='ocr_line' id='line_1_30' title="bbox 135 3369 1150 3500; baseline 0.006 -74"><span class='ocrx_word' id='word_1_255' title='bbox 135 3370 212 3443; x_wconf 88' lang='grc' dir='ltr'><em>ΗΔ]</em></span> <span class='ocrx_word' id='word_1_256' title='bbox 236 3377 298 3428; x_wconf 87' lang='grc' dir='ltr'><em>ΔΗ</em></span> <span class='ocrx_word' id='word_1_257' title='bbox 313 3373 343 3427; x_wconf 77' lang='lat' dir='ltr'><em>F.</em></span> <span class='ocrx_word' id='word_1_258' title='bbox 415 3369 561 3442; x_wconf 85' lang='grc' dir='ltr'><em>δυναμένη</em></span> <span class='ocrx_word' id='word_1_259' title='bbox 579 3373 618 3442; x_wconf 87' lang='lat' dir='ltr'><em>V,</em></span> <span class='ocrx_word' id='word_1_260' title='bbox 642 3388 712 3428; x_wconf 81' lang='lat' dir='ltr'><strong>corr.</strong></span> <span class='ocrx_word' id='word_1_261' title='bbox 732 3392 768 3429; x_wconf 87' lang='lat' dir='ltr'><em>m.</em></span> <span class='ocrx_word' id='word_1_262' title='bbox 788 3379 813 3430; x_wconf 77' lang='lat'><em>2.</em></span> <span class='ocrx_word' id='word_1_263' title='bbox 887 3380 929 3430; x_wconf 86' lang='grc'><em>16.</em></span> <span class='ocrx_word' id='word_1_264' title='bbox 953 3374 1025 3500; x_wconf 54' lang='grc' dir='ltr'><em>τῆςῆ</em></span> <span class='ocrx_word' id='word_1_265' title='bbox 1044 3390 1098 3430; x_wconf 89' lang='lat' dir='ltr'><em>om.</em></span> <span class='ocrx_word' id='word_1_266' title='bbox 1119 3375 1150 3433; x_wconf 75' lang='lat' dir='ltr'><em>F.</em></span> 
     </span>
    </p>
   </div>
   <div class='ocr_carea' id='block_1_6' title="bbox 135 3442 1153 3588">
    <p class='ocr_par' dir='ltr' id='par_1_13' title="bbox 135 3442 1153 3588">
     <span class='ocr_line' id='line_1_31' title="bbox 172 3442 1151 3516; baseline 0.003 -19"><span class='ocrx_word' id='word_1_267' title='bbox 172 3450 213 3498; x_wconf 79' lang='lat'><em>17.</em></span> <span class='ocrx_word' id='word_1_268' title='bbox 238 3443 313 3514; x_wconf 88' lang='grc' dir='ltr'><em>ΗΔ]</em></span> <span class='ocrx_word' id='word_1_269' title='bbox 340 3460 408 3498; x_wconf 79' lang='lat' dir='ltr'>eras,</span> <span class='ocrx_word' id='word_1_270' title='bbox 427 3443 462 3498; x_wconf 90' lang='lat' dir='ltr'><em>V.</em></span> <span class='ocrx_word' id='word_1_271' title='bbox 535 3444 610 3500; x_wconf 79' lang='lat' dir='ltr'><strong>Ante</strong></span> <span class='ocrx_word' id='word_1_272' title='bbox 629 3442 788 3516; x_wconf 83' lang='grc' dir='ltr'><em>συμμέτρου</em></span> <span class='ocrx_word' id='word_1_273' title='bbox 811 3462 863 3500; x_wconf 82' lang='lat' dir='ltr'><strong>ras.</strong></span> <span class='ocrx_word' id='word_1_274' title='bbox 885 3450 899 3498; x_wconf 93' lang='lat'>1</span> <span class='ocrx_word' id='word_1_275' title='bbox 923 3445 979 3500; x_wconf 72' lang='lat' dir='ltr'><strong>litt.</strong></span> <span class='ocrx_word' id='word_1_276' title='bbox 1026 3489 1032 3501; x_wconf 90' lang='lat'><strong>.</strong></span> <span class='ocrx_word' id='word_1_277' title='bbox 1108 3450 1151 3500; x_wconf 83' lang='lat'><em>18.</em></span> 
     </span>
     <span class='ocr_line' id='line_1_32' title="bbox 135 3514 1153 3588; baseline 0.003 -20"><span class='ocrx_word' id='word_1_278' title='bbox 135 3514 210 3585; x_wconf 88' lang='lat' dir='ltr'><em>AH]</em></span> <span class='ocrx_word' id='word_1_279' title='bbox 236 3519 266 3568; x_wconf 88' lang='grc' dir='ltr'><em>Η</em></span> <span class='ocrx_word' id='word_1_280' title='bbox 286 3515 316 3569; x_wconf 86' lang='lat' dir='ltr'><em>in</em></span> <span class='ocrx_word' id='word_1_281' title='bbox 334 3531 388 3570; x_wconf 81' lang='lat' dir='ltr'>ras.</span> <span class='ocrx_word' id='word_1_282' title='bbox 408 3514 442 3569; x_wconf 90' lang='lat' dir='ltr'><em>V.</em></span> <span class='ocrx_word' id='word_1_283' title='bbox 525 3516 591 3587; x_wconf 82' lang='grc' dir='ltr'><em>τῆς]</em></span> <span class='ocrx_word' id='word_1_284' title='bbox 616 3533 684 3571; x_wconf 80' lang='lat' dir='ltr'>corr.</span> <span class='ocrx_word' id='word_1_285' title='bbox 706 3533 738 3570; x_wconf 87' lang='lat' dir='ltr'><em>ex</em></span> <span class='ocrx_word' id='word_1_286' title='bbox 757 3517 791 3588; x_wconf 82' lang='grc' dir='ltr'><em>τῇ</em></span> <span class='ocrx_word' id='word_1_287' title='bbox 810 3515 935 3571; x_wconf 80' lang='lat' dir='ltr'><strong>m.2V.</strong></span> <span class='ocrx_word' id='word_1_288' title='bbox 1019 3516 1153 3588; x_wconf 80' lang='grc' dir='ltr'><em>19,τοῦ]</em></span> 
     </span>
    </p>
   </div>
   <div class='ocr_carea' id='block_1_7' title="bbox 0 0 1245 3908">
    <p class='ocr_par' dir='ltr' id='par_1_14' title="bbox 0 0 1245 3908">
     <span class='ocr_line' id='line_1_33' title="bbox 0 0 1245 3908; baseline 0 0"><span class='ocrx_word' id='word_1_289' title='bbox 0 0 1245 3908; x_wconf 95' lang='lat' dir='ltr'><em> </em></span> 
     </span>
    </p>
   </div>
  </div>
 </body>
</html>
