2474 3908
157 145 222 210 298
543 144 744 198 εεοιευιαα
764 139 790 198 ι’.

156 287 267 379 γάνω,
292 291 340 366 είς
362 284 556 374 ἀσύμμετρα
580 283 687 372 αὐτην
711 291 821 353 διελεῖ.
867 287 1043 373 τετμήσθω
1069 279 1176 375 οὖνὴ

158 402 235 462 ΔΗ
258 398 335 480 δίχα
362 392 445 461 κατὰ
471 393 509 461 τὸ
534 401 566 460 Ε
592 407 746 479 σημεῖον,
776 394 831 461 καὶ
857 403 903 485 τῷ
934 390 998 461 άπὸ
1022 397 1082 480 τῆς
1105 400 1182 460 ΕΗ

159 508 234 567 ίσον
257 498 347 586 παρά
370 498 433 585 τήν
456 506 531 567 AH
551 498 819 586 παραβεβλήσθω
844 501 996 567 ἐλλεῖπον
1020 503 1104 567 είδει
1130 525 1179 569 τε·

158 605 319 697 τραγάνω
343 606 398 673 καὶ
423 611 505 674 ἔστω
529 604 567 673 τὸ
588 603 653 674 ὑπὸ
672 616 739 674 τῶν
758 614 833 691 ΑΖ,
856 612 935 672 ΖΗ·
965 603 1180 693 ἀσύμμετρος

124 743 140 792 5
159 710 224 800 άρα
244 712 334 780 ἐστὶν
357 709 377 798 ή
403 719 466 779 ΑΖ
489 723 528 802 τῇ
554 720 625 780 ΖΗ
643 713 748 800 μήκει.
793 713 848 780 καὶ
873 713 942 780 ἐπεὶ
965 710 1181 800 ἀσύμμετρός

159 821 249 887 ἐστιν
267 817 288 906 ή
309 827 384 887 ΑΗ
402 824 441 908 τῇ
461 825 522 886 ΓΑ
541 820 647 906 μήκει,
671 826 730 887 καί
750 824 836 887 είσιν
859 817 1047 908 ἀμφότεραι
1067 823 1180 908 ῥηταί,

159 927 263 1011 μέσον
291 925 357 1014 άρα
386 927 454 994 ἐστὶ
481 924 519 994 τὸ
549 932 628 995 ΑΚ.
673 926 790 1012 πάλιν,
824 926 894 994 ἐπεὶ
922 926 1004 1014 ῥητή
1036 929 1130 995 ἐστιν
1157 925 1178 1014 ή

159 1040 236 1101 ΔΗ
254 1034 310 1100 καὶ
334 1031 520 1121 σύμμετρος
538 1038 577 1121 τή
598 1039 667 1100 ΑΓ
685 1033 792 1119 μήκει,
816 1031 919 1120 ῥητόν
943 1035 1012 1101 ἐστι
1034 1031 1073 1101 τὸ
1093 1042 1179 1104 ΔΚ.

160 1140 350 1208 συνεστάτω
375 1132 438 1208 οὖν
460 1143 505 1230 τῷ
530 1139 591 1225 μὲν
615 1147 674 1207 ΑΙ
695 1149 770 1208 ίσον
793 1138 1004 1228 τετράγωνον
1026 1139 1064 1206 τὸ
1089 1147 1180 1227 AM,

107 1250 204 1336 10193
229 1245 266 1313 δέ
291 1252 357 1312 ΖΚ
383 1253 460 1313 ἴσον
486 1247 697 1332 τετράγωνον
727 1243 917 1334 ἀφῃρήσθω
943 1245 980 1313 τὸ
1006 1252 1044 1312 N
1045 1248 1076 1324 Ξ
1102 1249 1180 1335 περὶ

159 1353 221 1437 τήν
250 1350 355 1439 αὐτήν
383 1357 511 1438 γωνίαν
539 1351 601 1439 τήν
628 1350 694 1421 ὑπὸ
719 1359 842 1419 ΛΟΜ·
874 1352 948 1440 περὶ
976 1350 1039 1438 τήν
1068 1350 1179 1440 αὐτήν

159 1456 225 1546 άρα
254 1457 435 1547 διάμετρόν
462 1461 531 1527 ἐστι
558 1457 598 1526 τά
626 1466 716 1545 ΛΜ,
745 1461 815 1534 ΝΞ
841 1458 1040 1547 τετράγωνα.
1092 1464 1179 1529 ἔστω

159 1561 272 1631 αὐτῶν
296 1566 472 1652 διάμετρος
494 1563 514 1652 ἡ
537 1572 607 1650 ΟΡ,
630 1565 686 1632 καὶ
709 1567 977 1654 καταγεγράφθω
1001 1567 1039 1633 τὸ
1059 1570 1179 1654 σχήμα.

160 1667 284 1756 ὁμοίως
303 1669 345 1758 δή
366 1674 528 1757 δείξομεν,
548 1669 599 1739 ὅτι
618 1669 639 1758 ή
655 1676 731 1738 AN
746 1670 888 1738 δυ’ναται
906 1671 944 1739 τὸ
960 1678 1026 1738 AB
1041 1679 1179 1759 χωρίον.

109 1805 141 1854 15
227 1777 339 1863 Λέγω,
373 1774 424 1845 ὅτι
452 1776 472 1865 ἡ
502 1785 578 1846 AN
605 1776 626 1865 ή
655 1777 735 1865 μετά
764 1780 868 1865 ῥητοῦ
895 1778 998 1864 μέσον
1026 1776 1065 1846 τὸ
1095 1776 1179 1848 ὅλον

159 1886 305 1952 ποιοῦσά
327 1886 426 1954 ἐστιν.

225 1988 314 2059 Ἐπεὶ
341 1989 406 2079 γάρ
432 1993 535 2079 μέσον
563 1994 699 2080 ἐδείχθη
727 1991 765 2060 τὸ
794 1999 867 2059 ΑΚ
897 1998 956 2059 καί
981 1995 1071 2061 ἐστιν
1100 2000 1179 2061 ἴσον

160 2112 230 2177 τοῖς
253 2096 318 2167 άπὸ
342 2101 410 2166 τῶν
434 2105 514 2185 ΛΟ,
539 2105 622 2184 ΟΝ,
652 2096 689 2168 τὸ
718 2096 783 2187 άρα
807 2103 1026 2185 συγκείμενον
1050 2101 1180 2168 ἐκτῶν

161 2201 226 2272 άπὸ
254 2211 322 2273 τῶν
345 2212 427 2289 AO,
452 2212 524 2272 ΟΝ
547 2205 650 2291 μέσον
679 2207 778 2273 ἐστίν.
829 2204 945 2289 πάλιν,
975 2205 1044 2272 ἐπεὶ
1073 2206 1180 2292 ῥητόν

108 2337 143 2387 20
162 2312 231 2378 ἐστι
254 2309 291 2378 τὸ
312 2317 385 2378 ΔΚ
405 2318 465 2378 καί
487 2314 577 2380 ἐστιν
601 2315 740 2403 ίσοντῷ
761 2313 813 2392 δὶς
830 2309 896 2378 ὑπὸ
915 2314 984 2380 τῶν
1003 2318 1081 2397 AO,
1099 2318 1180 2397 ΟΝ,

161 2418 217 2484 καὶ
241 2414 322 2485 αὐτὸ
347 2416 450 2504 ῥητόν
478 2419 576 2486 ἐστιν.
627 2418 683 2485 καὶ
712 2417 781 2485 ἐπεὶ
809 2414 1023 2505 ἀσύμμετρόν
1047 2419 1117 2485 ἐστι
1141 2416 1180 2486 τὸ

163 2530 222 2594 ΑΙ
241 2528 286 2613 τῷ
307 2529 381 2609 ΖΚ,
404 2522 619 2611 ἀσύμμετρον
641 2522 707 2610 άρα
731 2525 799 2592 ἐστὶ
819 2523 873 2591 καὶ
892 2520 929 2590 τὸ
949 2520 1013 2591 άπὸ
1032 2528 1091 2610 τῆς
1111 2531 1182 2592 AO

161 2632 207 2720 τῷ
227 2627 292 2695 άπὸ
311 2633 369 2713 τῆς
389 2636 468 2696 ΟΝ·
493 2633 530 2696 αί
542 2637 619 2714 AO,
636 2637 708 2697 ΟΝ
723 2628 788 2716 άρα
808 2629 949 2716 δυνάμει
968 2629 1054 2697 είσὶν
1075 2626 1181 2717 άσύμ-

162 2760 278 2823 μετροι
294 2739 454 2803 ποιοῦσαι
472 2733 511 2804 τὸ
530 2735 592 2823 μὲν
610 2743 830 2823 συγκείμενον
849 2738 885 2804 ἐκ
903 2739 971 2803 τῶν
990 2731 1046 2802 ἀπ’
1065 2734 1181 2805 αὐτῶν

110 2869 144 2917 25
162 2841 382 2931 τετραγώνων
412 2844 531 2930 μέσον,
560 2841 598 2911 τὸ
628 2843 665 2912 δὲ
694 2845 745 2923 δὶς
773 2839 830 2910 ὑπ’
857 2838 969 2909 αὐτῶν
997 2841 1111 2927 ῥητόν.
1158 2841 1179 2930 ἡ

163 2947 261 3038 λοιπή
294 2948 360 3038 άρα
393 2947 413 3036 ή
447 2957 522 3017 ΛΝ
549 2949 671 3037 άλογός
704 2952 794 3018 ἐστιν
827 2949 847 3035 ἡ
880 2948 1068 3035 καλουμένη
1097 2949 1181 3035 μετά

237 3153 260 3201 1.
279 3145 348 3200 Post
366 3148 458 3200 διελεῖ
472 3146 526 3201 del.
546 3142 630 3216 μήκει
648 3144 682 3200 V.
756 3151 780 3200 3.
800 3145 873 3215 ΑΗ]
896 3148 925 3199 Η
941 3161 956 3199 ο
975 3161 1044 3198 corr.
1063 3162 1100 3198 m.
1116 3151 1129 3197 l
1146 3145 1180 3199 V.

199 3221 224 3269 4.
248 3214 297 3287 τό]
318 3234 387 3272 corr.
408 3234 442 3270 ex
460 3217 497 3290 τῷ
516 3216 546 3271 Ρ.
620 3222 644 3271 ὅ.
668 3217 720 3288 τῇ]
747 3216 1038 3285 suprascr.m.1b.
1112 3215 1183 3270 Post

165 3282 248 3356 μήκει
267 3287 330 3341 αδδ.
351 3286 399 3342 κοιλ
418 3283 555 3355 ἤχθωσαν
574 3283 622 3341 διά
642 3287 698 3341 τῶν
718 3291 750 3354 Ε,
768 3290 796 3355 Z,
812 3290 842 3340 H
859 3286 891 3354 τή
907 3290 962 3340 ΑΓ
978 3286 1055 3354 (Ab)
1074 3283 1182 3353 παράλ-

164 3361 242 3425 ιηιοι
261 3355 294 3411 αι
311 3360 374 3424 σο,
395 3361 446 3426 τι,
466 3362 527 3412 HJ<
543 3358 570 3426 b,
590 3375 646 3438 mg.
665 3357 727 3413 εκ.
783 3363 807 3413 ο.
829 3343 888 3429 ΓΑ]
906 3357 936 3412 in
955 3374 1008 3412 ras.
1028 3356 1062 3425 v,
1082 3359 1182 3413 ΑΓΡ.

200 3433 225 3482 8.
245 3430 319 3483 Ante
338 3426 494 3500 σύμμετρος
512 3429 708 3484 ras.111tt.v.
763 3425 819 3499 άρα
839 3423 901 3483 ἔστί
913 3429 969 3495 Vb,
988 3434 1052 3483 παλ
1067 3428 1099 3483 F.
1156 3435 1181 3484 9.

165 3494 270 3554 ἑστάτω
289 3501 317 3570 b,
337 3497 406 3554 ἐότω
425 3501 459 3556 V.
517 3506 558 3555 10.
577 3497 767 3572 τετράγωνον]
787 3516 872 3570 supra
892 3516 943 3556 scr.
962 3499 993 3554 F.
1048 3495 1080 3554 τὸ
1101 3502 1135 3554 Ν
1138 3500 1181 3572 Ξ]
