2474 3908
141 173 184 237 το
526 173 727 225 woman
746 165 773 224 ι’.

625 312 685 381 κώ.

211 436 260 506 Τὸ
297 433 371 505 ὑπὸ
405 437 534 523 μέσων
567 435 684 523 μήκει
716 434 951 523 συμμέτρων
983 434 1160 505 εὐθειῶν

138 543 233 613 κατά
272 569 363 612 τινα
405 546 482 610 τών
521 541 742 630 εἰρημένων
784 541 942 627 τρόπων
980 543 1160 630 περιεχό-

138 677 259 739 μενον
284 648 544 736 ὀρθογώνιον
568 649 689 736 μέσον
712 649 830 717 ἐστίν.

102 780 118 829 5
200 753 280 824 Ὑπὸ
313 753 377 844 γάρ
412 756 524 842 μέσων
556 754 652 842 μήκει
685 755 884 843 συμμέτρων
916 751 1062 824 εὐθειών
1089 758 1160 824 τών

141 873 173 930 Α
178 871 217 948 Β,
237 868 303 930 ΒΓ
321 863 525 948 περιεχέσθω
546 859 761 950 ὀρθογώνιον
779 858 818 928 τὸ
834 869 866 928 Α
872 867 913 930 Γ·
935 862 1033 947 λέγω,
1052 860 1105 930 ὅτι
1121 860 1159 930 τὸ

140 978 172 1037 Α
178 975 210 1038 Γ
228 969 331 1055 μέσον
355 970 454 1037 ἐστίν.

204 1073 468 1162 Ἀναγεγράφθω
502 1073 567 1160 γάρ
597 1070 663 1141 άπό
695 1078 753 1159 τῆς
781 1081 846 1141 ΑΒ
878 1071 1091 1161 τετράγωνον
1120 1074 1162 1143 τὸ

140 1189 224 1250 ΑΔ·
257 1183 360 1270 μέσον
392 1179 458 1265 ἄρα
492 1180 561 1249 ἐστὶ
592 1179 631 1248 τὸ
663 1187 743 1253 ΑΔ.
791 1181 847 1247 καὶ
876 1180 946 1249 ἐπεὶ
974 1179 1163 1269 σύμμετρός

90 1311 123 1360 1ο
142 1286 285 1376 έστινή
314 1295 380 1356 AB
412 1292 452 1376 τή
482 1293 550 1355 ΒΓ
571 1287 684 1374 μήκει,
717 1294 772 1373 ἴση
802 1286 840 1356 δὲ
866 1284 887 1373 ή
917 1295 981 1355 AB
1010 1291 1049 1376 τῇ
1079 1294 1160 1372 ΒΔ,

141 1395 327 1483 σύμμετρος
350 1393 415 1482 άρα
439 1393 509 1462 ἐστὶ
527 1394 583 1460 καὶ
601 1390 622 1480 ή
643 1401 709 1461 ΛΒ
727 1397 767 1482 τῇ
787 1399 854 1462 ΒΓ
867 1393 976 1482 μήκει·
1001 1394 1086 1462 ώστε
1104 1395 1162 1462 καὶ

139 1499 177 1569 τὸ
202 1508 273 1568 ΔΑ
295 1510 339 1591 τῷ
364 1506 432 1569 ΑΓ
451 1498 642 1588 σύμμετρόν
670 1502 768 1569 ἐστιν.
815 1501 919 1587 μέσον
947 1499 985 1569 δέ
1011 1500 1050 1569 τὸ
1073 1509 1161 1568 ΔΑ·

140 1607 243 1693 μέσον
266 1604 333 1695 άρα
355 1607 411 1674 καὶ
434 1605 471 1675 τὸ
496 1611 573 1675 ΑΓ·
598 1606 678 1694 ὅπερ
703 1610 771 1675 ἔδει
795 1609 908 1689 δεῖξαι.

624 1809 677 1852 κε.

90 1929 123 1979 15
214 1905 265 1976 Τὸ
298 1905 373 1976 ὑπὸ
407 1907 537 1994 μέσων
569 1906 737 1994 δυνάμει
768 1910 894 1994 μόνον
925 1909 1160 1996 συμμέτρων

140 2011 314 2084 εὐθειῶν
337 2013 622 2102 περιεχόμενον
646 2011 901 2100 ὀρθογώνιον
924 2011 1012 2100 ήτοι
1036 2012 1160 2102 ῥητὸν

139 2115 161 2206 ή
184 2122 306 2208 μέσον
330 2124 449 2190 ἐστίν.

201 2225 281 2298 Ὑπὸ
316 2227 381 2316 γὰρ
414 2229 526 2315 μέσων
559 2226 702 2313 δυνάμει
734 2226 842 2313 μόνον
876 2225 1074 2314 συμμέτρων
1108 2229 1161 2294 εὐ·

140 2342 246 2402 θειών
270 2339 338 2403 τών
362 2343 394 2401 A
400 2341 439 2420 B,
465 2339 531 2402 ΒΓ
551 2333 766 2421 ὀρθογώνιον
789 2333 994 2421 περιεχέσθω
1017 2334 1056 2402 τὸ
1080 2339 1160 2402 ΑΓ·

88 2462 123 2513 20
140 2439 237 2526 λέγω,
261 2438 312 2507 ὀτι
334 2442 372 2508 τὸ
395 2445 465 2508 ΑΓ
479 2438 555 2525 ήτοι
580 2438 683 2528 ῥητὸν
706 2435 727 2525 ή
751 2441 856 2526 μέσον
880 2442 978 2508 ἐστίν.

204 2542 466 2632 Ἀναγεγράφθω
499 2547 563 2634 γάρ
591 2542 656 2615 άπὸ
679 2550 748 2614 τών
777 2553 854 2631 ΑΒ,
877 2552 944 2615 ΒΓ
965 2546 1162 2633 τετράγωνα

139 2651 180 2717 τά
199 2658 281 2736 ΑΔ,
299 2657 376 2718 ΒΕ·
399 2652 504 2738 μέσον
523 2650 590 2740 άροι
609 2651 699 2720 ἐστὶν
719 2651 879 2740 ἑκάτερον
896 2655 965 2720 τών
983 2661 1065 2737 ΑΛ,
1086 2661 1161 2723 ΒΕ.

140 2756 196 2824 καὶ
221 2759 383 2826 ἐκκείσθω
402 2756 485 2847 ῥητή
508 2755 530 2845 ή
549 2765 632 2844 ΖΗ,
655 2759 710 2825 καὶ
733 2762 779 2850 τῷ
803 2757 866 2844 μὲν
884 2766 955 2825 ΑΔ
974 2767 1050 2827 ἴσον
1068 2784 1161 2848 παρα

140 2864 201 2950 τήν
225 2870 298 2932 ΖΗ
318 2864 589 2952 παραβεβλήσθω
618 2861 834 2952 ὀρθογώνιον
861 2865 1162 2953 παραλληλόγραμ-

88 2993 123 3044 25
142 2997 207 3056 μον
229 2968 267 3040 τὸ
291 2978 359 3039 ΗΘ
381 2970 505 3051 πλάτος
527 2975 650 3040 ποιοῦν
672 2968 734 3056 τὴν
758 2977 835 3056 ΖΘ,
862 2975 908 3061 τῷ
933 2969 972 3038 δὲ
994 2977 1064 3039 ΑΓ
1083 2980 1162 3041 ἴσον

140 3077 229 3162 παρὰ
262 3078 322 3164 τήν
351 3085 430 3146 ΘΜ
452 3075 720 3165 παραβεβλήσθω
749 3073 964 3164 ὀρθογώνιον
991 3086 1163 3166 παραλλή-

213 3242 239 3292 3.
257 3236 332 3291 κατά
347 3267 381 3276 -
395 3232 521 3307 τρόπων]
541 3252 596 3290 om.
611 3235 693 3303 ΒΝ),
712 3251 861 3306 suprascr.
876 3253 912 3290 m.
927 3240 944 3290 2
959 3234 985 3289 V
998 3233 1082 3305 (κατά
1095 3256 1164 3292 τινα

142 3305 199 3360 τών
219 3310 308 3375 σεεμ).
381 3313 406 3362 6.
425 3304 611 3375 περιέχεσθαι
629 3305 664 3373 Β,
684 3323 753 3361 corr.
773 3324 811 3361 m,
830 3312 856 3362 2.
929 3312 954 3360 9.
973 3307 1040 3378 ΑΔ]
1060 3308 1162 3378 (prius)

142 3377 218 3431 inter
235 3381 258 3430 A
277 3378 307 3432 et
325 3382 351 3430 Δ
369 3394 423 3433 ran.
444 3382 459 3430 1
477 3376 533 3431 litt.
553 3375 587 3433 V.
662 3383 703 3434 11.
727 3372 802 3432 ἐστίν
822 3376 881 3434 ΡΒ.
954 3377 1029 3449 ΔΒ]
1055 3395 1162 3436 ecorr.

144 3446 399 3515 mmm.
475 3452 515 3503 12.
536 3441 651 3516 3mV,
671 3464 760 3517 comp.
779 3448 833 3503 Pb.
907 3449 1103 3520 AA]ecorr.
1122 3468 1163 3507 m.

143 3525 160 3573 2
179 3517 213 3574 V.
268 3524 309 3573 16.
330 3513 468 3590 εάθειών]
488 3537 524 3572 m.
544 3524 560 3572 2
579 3516 613 3575 V.
674 3525 715 3574 19.
734 3516 911 3588 περιεχέσθω
930 3513 1110 3590 ὀρθογώνιον
1129 3521 1163 3578 Ρ.

62 3594 144 3672 h
