2474 3908
146 171 189 235 32
530 173 732 225 Συοιεωιον
751 167 778 228 ι’.

146 316 181 382 ολ
202 312 269 399 άροι
291 313 335 400 μὴ
362 312 472 401 ὅμοιοι
495 316 645 382 ἐπίπεδοι
674 310 758 401 πρὸς
786 312 951 399 ἀλλήλους
974 310 1079 398 λόγον
1102 310 1166 380 οάκ

146 425 297 507 ἔχουσιν,
335 416 376 488 ὃν
407 420 616 507 τετράγωνος
651 417 800 506 ἀριθμὸς
836 417 919 507 πρὸς
953 418 1165 507 τετράγωνον

146 525 305 614 ἀριθμόν.

639 701 670 771 ι’.

110 855 126 903 5
217 832 269 917 Τή
299 832 538 916 προτεθείσῃ
568 823 709 916 εὐθείᾳ
737 838 979 913 προσευρεῖν
1003 826 1075 893 δύο
1104 823 1166 894 εά·

145 939 260 1013 θείας
282 933 574 1020 ἀσυμμέτρους,
598 930 669 1018 τήν
693 931 764 1020 μὲν
787 931 901 1020 μήκει
925 931 1069 1019 μόνον,
1091 929 1165 1018 τήν

147 1039 191 1108 δὲ
213 1042 277 1108 κοιλ
302 1041 478 1128 δυνάμει.

204 1145 357 1215 Ἕστω’
340 1175 361 1234 η
389 1156 591 1236 προτεθεῖσα
619 1140 781 1213 εὐθεϊοι“
764 1171 785 1230 ή
813 1151 858 1210 A
909 1146 964 1210 δεῖ
989 1141 1031 1230 δή
1064 1148 1104 1232 τή
1133 1152 1165 1211 A

1009 1249 1045 1318 ἓν
1069 1251 1165 1336 μήκει

96 1385 128 1434 10
147 1358 266 1445 μόνον,
290 1357 352 1444 τὴν
377 1359 413 1425 δε
432 1357 487 1424 καὶ
511 1356 662 1443 δυνάμει.

210 1462 457 1532 Ἐκκείσθωσαν
480 1460 544 1550 γάρ
570 1461 633 1529 660
657 1457 800 1549 ἀριθμολ
824 1464 859 1528 ολ
883 1468 924 1546 Β,
942 1468 974 1529 Γ
998 1459 1082 1549 πρὸς
1109 1460 1165 1530 ἀλ-

148 1570 271 1656 λήλους
289 1568 394 1655 λόγον
413 1568 458 1655 μή
474 1573 616 1656 ἔχοντες,
640 1562 682 1634 ὃν
701 1565 909 1695 τετράγωνος
923 1564 1068 1655 ἀριθμὸς
1082 1566 1166 1652 πρὸς

146 1674 356 1761 τετράγωνον
375 1672 536 1804 ἀριθμόν,
559 1671 768 1742 τουτέστι
729 1701 773 1760 μή
794 1698 906 1760 ομοιοι
925 1676 1086 1761 ἐπίπεδοι,
1108 1675 1165 1742 καὶ

145 1783 309 1867 γεγονέτω
333 1781 377 1860 ὡς
400 1778 418 1849 6
442 1788 471 1848 Β
495 1780 579 1868 πρὸς
601 1778 662 1848 τὸν
685 1785 727 1867 Γ,
756 1777 862 1861 οὕτως
890 1779 927 1849 τὸ
955 1778 1020 1849 ἀπὸ
1050 1785 1108 1868 τής
1131 1792 1163 1849 A

95 1914 129 1964 15
147 1887 358 1976 τετράγωνον
378 1884 462 1975 πρὸς
479 1886 517 1955 τὸ
537 1885 602 1954 ἀπὸ
622 1898 681 1973 τῆς
696 1896 729 1954 A
742 1886 966 1975 τετράγωνον
991 1887 1167 1975 ἐμάθομεν

146 1994 224 2082 γάρ
266 1993 456 2082 σύμμετρον
484 1992 550 2081 ἀρα
577 1992 614 2060 τὸ
645 1990 711 2061 ἀπὸ
741 1998 798 2080 τής
822 2003 854 2061 Α
880 1998 926 2086 τῷ
950 1993 1015 2062 ἀπὸ
1040 2005 1099 2080 τῆς
1122 2004 1165 2063 Δ.

145 2102 202 2170 κοιλ
226 2102 295 2170 ἐπεὶ
319 2098 337 2169 ὁ
362 2108 390 2168 Β
413 2104 497 2188 πρὸς
520 2098 579 2168 τὸν
603 2106 635 2167 Γ
659 2099 764 2186 λόγον
792 2099 854 2167 οὐκ
882 2064 961 2188 ἔήει,
988 2098 1030 2169 ὃν
1052 2099 1165 2188 τετρά-

146 2235 255 2295 γωνος
278 2205 425 2296 ἀριθμὸς
447 2207 531 2294 πρὸς
558 2206 768 2294 τετράγωνον
792 2203 959 2294 ἀριθμόν,
994 2204 1068 2275 οὐδ’
1099 2205 1165 2295 ἀρα

145 2313 183 2383 τὸ
209 2313 274 2381 ἀπὸ
298 2318 356 2398 τής
379 2321 411 2379 A
433 2312 517 2398 πρὸς
539 2312 577 2381 τὸ
602 2311 667 2381 ἀπὸ
692 2315 750 2398 τής
769 2320 804 2379 Δ
821 2310 926 2398 λόγον
950 2317 1027 2399 ἔχει,
1051 2309 1091 2380 ὃν
1115 2339 1163 2380 τε-

93 2448 127 2496 20
146 2420 318 2508 τράγωνος
341 2416 487 2506 ἀριθμὸς
509 2418 593 2506 πρὸς
616 2417 826 2507 τετράγωνον
851 2416 1013 2506 ἀριθμόν·
1058 2417 1164 2507 ἀσύμ-

147 2551 265 2613 μετρος
294 2523 360 2613 ἀρα
389 2525 480 2593 ἐστὶν
512 2522 532 2612 ή
562 2534 594 2592 Α
621 2530 660 2614 τή
690 2534 723 2591 A
751 2525 855 2611 μήκει.
912 2523 1065 2610 εἰλήφθω
1095 2537 1164 2594 τῶν

147 2643 189 2717 Α,
208 2641 241 2698 A
265 2633 347 2719 με’ση
372 2631 543 2718 ἀνάλογον
565 2630 586 2718 ή
611 2639 653 2699 Ε·
695 2637 785 2700 ἔστιν
808 2630 874 2719 ἀρα
903 2629 947 2710 ὡς
974 2628 995 2717 ή
1023 2639 1055 2697 Α
1081 2631 1166 2719 πρὸς

146 2740 209 2826 τήν
234 2747 277 2824 Δ,
301 2735 407 2817 οὕτως
430 2736 466 2805 τὸ
492 2736 557 2806 ἀπὸ
581 2742 640 2824 τής
657 2747 690 2804 A
707 2737 919 2825 τετράγωνον
939 2735 1022 2824 πρὸς
1040 2735 1077 2804 τὸ
1098 2735 1164 2805 ἀπὸ

147 2856 206 2933 τής
229 2853 266 2912 Ε.
292 2843 521 2933 ’ἀσύμμετρος
545 2845 585 2912 δέ
606 2847 696 2912 ἐστιν
720 2842 741 2930 ἡ
764 2854 797 2912 A
816 2848 855 2932 τή
877 2851 909 2910 Δ
927 2842 1035 2930 μήκει·
1060 2841 1164 2932 ἀσύμ-

94 2976 128 3025 25
147 2978 270 3041 μετρον
297 2949 363 3039 άροι
391 2953 460 3019 ἐστὶ
486 2952 542 3018 καλ
569 2949 606 3020 τὸ
635 2950 700 3019 ἀπὸ
733 2960 791 3036 τῆς
818 2959 850 3016 A
877 2948 1089 3037 τετράγωνον
1117 2960 1164 3041 τῷ

149 3161 511 3305 dem6m66.aal‘66ssuu61pr16.s
531 3157 995 3318 ω6.1σν1ήιμὲτροοφάιξ]λάῗεοοάἀ.ἀι..ζ
1052 3168 1079 3289 ἀ.
1096 3163 1163 3307 666]

148 3308 200 3362 ins.
218 3308 366 3377 posteaF.
434 3312 458 3360 8.
479 3305 617 3376 MN·
608 3324 639 3360 m
656 3322 709 3360 ras.
729 3305 761 3358 V.
831 3309 872 3360 10.
892 3299 1073 3427 τήνὲτήςΡ,
1093 3322 1164 3360 corr.

149 3396 185 3433 m.
204 3394 272 3444 τους
295 3397 329 3448 τῃ
316 3376 386 3448 “‚V
407 3378 456 3432 sed
475 3393 544 3432 corr.
620 3383 660 3433 13.
680 3374 873 3431 τοντέστινΡ.
970 3381 1013 3430 ost
1033 3371 1164 3431 ἐπίπεδοι

148 3448 210 3504 add.
232 3448 297 3517 μ’,
318 3449 362 3502 cui
379 3421 460 3536 ⁷sign0
479 3448 509 3502 in
527 3465 583 3536 mg
598 3446 670 3502 n1h1l
685 3465 773 3516 resp
766 3446 853 3502 inb
869 3462 930 3531 seq.
947 3442 1025 3500 ολ
993 3466 1057 3533 γαρ
1067 3466 1161 3532 ομοιρι

149 3516 280 3574 ἐπίπεδοι
298 3515 370 3590 πρὸς
388 3516 524 3588 ἀλλήλους
542 3517 627 3589 λόγον
647 3513 810 3590 ἐᾛχουσιν“
795 3538 829 3572 ον
847 3514 1022 3588 τετράγωνος
1040 3512 1165 3588 ἀριθμὸς
