2474 3908
130 159 195 224 392
544 162 732 212 APPENDIX.
805 147 812 164 '

129 301 167 370 τὸ
193 307 260 369 ΓΚ
278 301 636 390 παραλληλόγραμμον.
680 306 740 368 καί
764 304 833 369 ἐστι
861 304 898 368 τὸ
927 300 989 388 μὲν
1012 309 1079 368 AZ
1107 302 1146 370 τὸ

129 407 196 477 ὑπὸ
218 413 286 477 τών
309 416 387 493 AB,
405 413 480 475 ΒΓ·
505 415 560 493 ίση
584 408 648 494 γὰρ
672 405 692 493 ἡ
712 414 781 475 ΛΕ
801 417 841 495 τῇ
861 413 934 474 ΒΓ·
963 407 1001 474 τὸ
1022 407 1060 475 δὲ
1080 414 1146 476 ΓΚ

129 501 256 582 τὸιὺττὸ
280 516 347 581 τών
370 519 446 600 BF,
469 518 543 579 ΓΔ·
572 520 627 599 ίση
651 512 715 598 γὰρ
738 511 759 600 ἡ
784 519 849 580 ΒΓ
867 517 908 601 τῇ
932 519 964 579 Γ
965 521 1002 580 Θ.

194 617 277 686 Ἐὰν
299 617 365 705 ἄρα
392 633 481 706 τρεῖς
504 611 588 687 ώσιν
611 617 743 687 εὐθεῖαι
766 623 803 688 ἐν
826 618 916 710 λόγῳ
939 625 1021 704 τινί,
1053 625 1145 688 ἔσται

95 749 111 797 ο
126 721 176 803 ώς
194 722 214 811 ἡ
229 724 342 811 πρώτη
357 728 440 812 πρὸς
453 724 516 812 τὴν
533 731 660 815 τρίτην,
684 723 791 805 οὕτως
805 723 844 792 τὸ
859 722 924 792 ὑπὸ
940 727 998 810 τῆς
1012 726 1146 814 πρώτης

130 831 186 898 καὶ
210 833 311 918 μέσης
332 829 416 921 πρὸς
443 831 480 899 τὸ
504 828 570 900 ὑπὸ
601 835 660 918 τῆς
687 834 789 918 μέσης
814 831 871 924 καὶ
897 836 1021 917 τρίτης·
1065 832 1146 919 ὅπερ

131 943 199 1006 ἔδει
222 941 335 1020 δείξαι.
613 1031 653 1093 13

371 1137 421 1202 Ad
444 1137 516 1201 libr.
540 1135 571 1200 X
593 1158 685 1220 prop.
708 1136 751 1201 32
774 1137 904 1203 lemma.

191 1256 238 1326 Ἢ
257 1259 312 1326 καὶ
336 1258 402 1344 ὅτι,
428 1260 487 1327 ἐών
509 1256 758 1345 ἀναγράφωμεν
781 1257 819 1326 τὸ
844 1264 910 1325 ΕΓ
929 1256 1146 1345 ὀρθογώνιον

131 1364 479 1456 παραλληλόγραμμον
502 1364 558 1431 καὶ
583 1356 876 1451 συμπληρώσωμεν
899 1363 937 1431 τὸ
961 1372 1043 1451 AZ,
1069 1374 1147 1435 ίσον

79 1492 112 1541 10
132 1479 221 1540 ἔσται
245 1471 283 1538 τὸ
306 1477 373 1538 ΕΓ
390 1474 436 1564 τῷ
460 1477 537 1537 AZ·
562 1468 717 1556 ἑκάτερον
740 1467 804 1558 γαρ
829 1471 940 1538 αὐτῶν
965 1472 1147 1540 διπλάσιόν

132 1581 201 1646 ἐστι
218 1580 279 1644 τοῦ
299 1582 401 1643 ΑΒΓ
419 1575 594 1660 τριγώνου.
629 1581 690 1642 καί
710 1577 778 1642 ἐστι
797 1577 835 1644 τὸ
855 1577 916 1663 μὲν
936 1583 1002 1644 ΕΓ
1020 1576 1058 1645 τὸ
1078 1575 1147 1646 ὑπὸ

130 1688 199 1752 τών
222 1687 294 1767 ΒΓ,
317 1690 403 1767 ΑΔ,
430 1682 468 1750 τὸ
497 1681 535 1749 δὲ
557 1688 623 1748 ΑΖ
644 1680 683 1749 τὸ
706 1680 772 1750 ὑπὸ
794 1687 862 1751 τών
886 1691 965 1772 BA,
988 1691 1061 1754 AF.
1106 1685 1148 1753 τὸ

132 1788 198 1877 ἄρα
216 1785 281 1857 ὑπὸ
299 1792 368 1856 τών
386 1795 458 1874 ΒΓ,
473 1796 505 1855 A
511 1795 544 1854 A
568 1797 643 1857 ίσον
663 1789 733 1856 ἐστὶ
751 1793 796 1881 τῷ
815 1787 880 1858 ὑπὸ
898 1795 966 1859 τών
979 1799 1057 1877 ΒΑ,
1072 1800 1104 1858 A
1110 1799 1147 1860 Γ.

460 2074 512 2138 Ad
527 2075 598 2141 libr.
613 2074 643 2138 X
661 2097 754 2159 prop.
768 2076 819 2141 33.

444 2182 584 2265 Λῆμμα
612 2182 669 2257 είς
695 2177 737 2246 τὸ
766 2178 834 2265 λγ’.

80 2306 113 2355 15
196 2283 275 2355 Ἐὰν
298 2285 415 2352 εὐθεῖα
438 2284 572 2372 γραμμὴ
596 2288 707 2373 τμηθῇ
731 2289 779 2364 είς
801 2284 918 2372 ἄνισα,
942 2291 1032 2354 ἔσται
1057 2284 1102 2365 ώς
1127 2285 1148 2372 ἡ

133 2390 251 2461 εὐθεῖα
274 2390 358 2479 πρὸς
379 2389 441 2478 τὴν
466 2388 615 2474 εὐθεῖαν,
639 2388 746 2471 οὕτως
768 2389 805 2458 τὸ
829 2389 895 2460 ὑπὸ
914 2396 973 2478 τῆς
991 2390 1071 2478 ὅλης
1088 2395 1147 2461 καὶ

132 2503 192 2585 τῆς
215 2503 364 2584 μείζονος
386 2495 470 2586 πρὸς
491 2492 531 2563 τὸ
553 2494 618 2564 ὑπὸ
636 2500 694 2582 τῆς
713 2494 792 2582 ὅλης
810 2497 865 2563 καλ
883 2501 942 2583 της
961 2496 1148 2578 ἐλάττονος.

126 2681 129 2684 ,
200 2602 332 2671 Εὐθεῖα
359 2602 424 2690 γάρ
451 2629 501 2682 τις
527 2600 548 2688 ἡ
573 2610 638 2670 AB
665 2602 840 2690 τετμήσθω
868 2607 915 2683 είς
938 2601 1039 2671 ελυισα
1061 2604 1147 2671 κατὰ

132 2707 170 2778 τὸ
196 2718 235 2779 B·
277 2710 378 2796 λέγω,
407 2707 457 2776 ὅτι
481 2706 525 2787 ώς
547 2706 567 2794 ἡ
592 2716 661 2776 ΛΕ
685 2707 769 2794 πρὸς
786 2709 848 2794 τὴν
872 2715 949 2794 ΕΒ,
978 2708 1084 2790 οὕτως
1107 2711 1154 2798 τὸΙ

79 2837 114 2887 20
133 2814 198 2886 ὑπὸ
223 2821 290 2886 τών
314 2824 390 2901 BA,
413 2821 483 2882 AB
503 2812 586 2901 πρὸς
607 2813 645 2882 τὸ
669 2811 735 2882 ὑπὸ
757 2818 826 2883 τών
849 2823 925 2901 ΑΒ,
949 2823 1021 2883 BE.

197 2921 460 3009 Ἀναγεγράφθω
487 2921 552 3008 γὰρ
585 2918 650 2988 ολπὸ
682 2923 740 3006 τῆς
767 2927 832 2987 AB
864 2919 1076 3008 τετράγωνον
1108 2922 1149 2991 τὸ

132 3037 277 3114 ΑΓΔΒ,
301 3028 357 3094 καὶ
376 3027 432 3110 διὰ
451 3032 512 3095 τοῦ
531 3035 563 3093 Ε
580 3033 719 3114 σημείου
738 3023 880 3117 ὁποτέρα
897 3031 966 3095 τών
985 3034 1059 3114 ΑΓ,
1080 3036 1150 3097 ΒΔ

207 3178 248 3226 13.
277 3172 353 3224 Inter
376 3173 433 3224 ΑΓ
457 3171 486 3223 et
509 3163 579 3238 ὅπερ
602 3187 630 3238 p.
650 3175 697 3238 98,
722 3174 756 3223 ιτ
783 3167 927 3223 PBFVb.
1011 3175 1052 3224 14.
1080 3172 1152 3226 Post

34 3318 38 3324 ·
134 3259 214 3311 prop.
234 3241 351 3295 XXXIII
369 3258 397 3309 p.
419 3246 477 3307 102,
497 3247 514 3294 4
532 3240 566 3309 V,
584 3259 641 3310 mg.
660 3258 697 3294 m.
715 3257 771 3294 rec.
789 3239 822 3297 Β.

205 3370 232 3419 3.
252 3363 315 3434 ΓΔ]
335 3370 361 3418 Δ
378 3364 409 3417 in
426 3378 478 3417 ras.
501 3362 531 3417 V.
608 3368 632 3416 5.
651 3356 773 3431 πρός-
794 3369 818 3418 7.
839 3363 942 3434 δείξαι]
962 3361 1011 3418 καλ
1031 3360 1097 3433 ἑξῆς
1116 3365 1149 3418 Β.

170 3442 194 3491 8.
214 3432 245 3506 ἥ]
266 3452 319 3489 om.
339 3435 400 3489 FV.
469 3433 532 3504 καί]
553 3433 602 3486 καλ
620 3424 705 3500 ἦκται
723 3434 750 3489 b.
815 3439 839 3488 9.
859 3433 1098 3505 σνμπληρώσομεν
1118 3436 1151 3504 Ρ,

135 3525 204 3563 corr.
225 3525 260 3561 m.
282 3511 307 3560 2.
390 3511 432 3561 10.
451 3500 495 3575 τό]
515 3521 583 3558 corr.
604 3519 646 3557 ex.
665 3505 702 3576 τῷ
722 3504 754 3559 V.
838 3509 879 3561 11.
900 3507 971 3574 ΕΓ]
991 3523 1006 3561 e
1025 3522 1095 3562 corr.
1115 3507 1150 3561 V.
