2474 3908
134 178 198 242 142
519 180 720 233 Συουωωιιυ
739 174 766 233 ι’.

196 318 285 388 Ἐτεὶ
308 319 372 408 γὰρ
391 317 560 388 ἀνάπαλίν
584 322 676 389 ἐστιν
700 318 745 402 ὡς
768 318 786 389 ὁ
811 329 877 388 BA
900 319 1049 408 ἀριθμὸς
1069 315 1155 411 πρὸς

131 427 192 496 τὸν
213 433 288 514 ΑΓ,
313 425 419 507 οὕτως
440 425 478 495 τὸ
501 425 567 495 &ab
590 438 649 514 τῆς
668 435 735 495 ΗΖ
753 426 836 517 πρὸς
854 426 892 496 τὸ
911 426 976 497 ἀπὸ
996 437 1056 515 τῆς
1080 436 1151 516 ΖΕ,

132 539 253 622 μείζων
281 533 318 600 δὲ
346 533 364 602 ὁ
392 541 459 601 BA
481 538 543 602 τοῦ
571 542 603 601 A
610 540 651 620 Γ,
680 541 793 621 μεῖξον
819 532 885 622 ἄρα
910 535 992 619 [καὶ]
1018 534 1057 603 τὸ
1087 532 1152 603 ἀπὸ

131 645 188 728 τῆς
211 646 280 707 ΗΖ
302 644 363 708 τοῦ
387 638 452 708 ἀπὸ
476 646 534 728 τῆς
553 648 624 708 ΖΕ.
666 645 748 709 ἔστω
772 644 817 732 τῷ
841 637 907 708 ἀπὸ
930 652 987 729 τῆς
1006 649 1077 709 ΗΖ
1096 650 1152 709 ίσα

97 773 112 823 5
131 745 171 814 τὰ
196 744 260 814 ἆκὸ
284 757 353 814 των
367 753 440 832 ΕΖ,
455 754 496 815 Θ·
519 743 766 835 ἀναστρέψαντι
788 745 854 831 ἄρα
872 747 964 814 ἐστὶν
984 743 1030 826 ὡς
1050 745 1151 815 ὁΑΒ

131 851 214 941 πρὸς
240 852 302 921 τὸν
333 858 407 936 ΒΓ,
436 851 541 934 οὕτως
568 851 606 922 τὸ
636 851 700 921 ἀπὸ
727 857 790 940 τῆς,
815 860 887 920 ΖΗ
905 852 989 940 πρὸς
1016 856 1055 922 τὸ
1085 851 1151 922 ἀπὸ

131 969 190 1046 τῆς
204 967 240 1029 Θ.
278 957 346 1026 ἀλλ’
370 957 387 1026 ὁ
407 967 471 1026 AB
490 958 574 1047 πρὸς
592 957 652 1027 τὸν
671 965 738 1028 ΒΓ
750 959 855 1046 λόγον
874 963 953 1045 ἔχει,
976 956 1018 1027 ὃν
1036 959 1151 1048 τετρά-

131 1093 240 1153 γωνος
262 1065 409 1154 ἀριθμός
431 1064 515 1155 προς
532 1062 743 1154 τετράγωνον
762 1063 926 1153 ἀριθμόν·
949 1065 1006 1132 καί
1024 1063 1063 1134 τὸ
1083 1064 1150 1134 ἀπὸ

130 1177 188 1260 τῆς
204 1180 278 1240 ΖΗ
288 1171 355 1260 ἄρα
377 1175 462 1260 πρὸς
483 1170 521 1241 τὸ
546 1171 611 1240 ἆττὸ
635 1176 694 1258 τῆς
707 1179 736 1240 Θ
749 1171 854 1258 λόγον
873 1176 951 1259 ἔχει,
974 1168 1016 1240 ὃν
1039 1171 1150 1260 τετρά·

80 1306 112 1354 10
131 1306 241 1367 γωνος
263 1277 409 1367 ἀριθμὸς
431 1277 513 1366 πρὸς
535 1278 746 1367 τετράγωνον
770 1277 934 1366 ἀριθμόν.
964 1280 1151 1367 σύμμετρος

131 1384 197 1473 ἄρα
225 1386 316 1453 ἐστὶν
344 1383 365 1471 ἡ
395 1391 467 1452 ΖΗ
488 1395 527 1474 τῇ
556 1392 584 1452 Θ
607 1385 716 1472 μήκει·
754 1382 838 1454 ὥστε
866 1383 887 1471 ἡ
916 1391 986 1451 ΖΗ
1006 1387 1065 1471 τῆς
1090 1392 1154 1453 ΖΕ

132 1497 244 1576 μεῖζον
273 1491 415 1559 δύναται
445 1495 490 1583 τῷ
519 1489 583 1559 ἀπὸ
617 1492 808 1579 συμμέτρου
840 1491 951 1580 ἑαυτῇ.
997 1497 1057 1559 καί
1087 1495 1152 1559 είσι

132 1596 229 1684 ῥηταὶ
252 1601 290 1664 αί
310 1605 393 1682 ΖΗ,
418 1605 481 1665 ΖΕ
503 1597 645 1684 δυνάμει
668 1598 776 1686 μόνον
800 1597 999 1685 σύμμετροι,
1027 1598 1084 1666 καὶ
1112 1596 1150 1666 τὸ

133 1709 194 1769 ΕΖ
213 1708 357 1773 ἔλασσον
376 1702 484 1791 ὄνομα
501 1708 541 1793 τῇ
566 1706 737 1794 ἐκκειμένῃ
761 1707 843 1794 ῥητῇ
869 1703 1060 1791 σύμμετρόν
1081 1707 1150 1773 ἐστι

81 1837 112 1884 15
131 1819 171 1895 τῇ
196 1818 230 1876 Δ
253 1809 357 1897 μήκει.

193 1912 239 1983 Ἠ
260 1924 335 1984 ΕΗ
357 1917 423 2006 ἄρα
447 1916 569 1986 ἐκδύο
595 1915 773 2005 ὀνομάτων
796 1918 866 1985 ἐστὶ
890 1919 1042 2006 δευτέρα·
1067 1916 1150 2008 ὅπερ

132 2026 200 2090 ἔδει
224 2026 337 2106 δείξαι.

621 2129 661 2198 ν’.

200 2253 348 2343 Εὑρεῖν
370 2254 441 2342 τὴν
466 2253 602 2324 ἐκδύο
627 2252 838 2341 ὀνομάτων
862 2262 1008 2344 τρίτην.

34 2360 37 2366 ’
79 2386 113 2436 20
196 2359 442 2428 Ἐκκείσθωσαν
466 2360 529 2429 δύο
553 2359 694 2448 ἀριθμοί
717 2363 751 2428 οί
773 2367 853 2447 ΑΓ,
876 2367 953 2447 ΓΒ,
981 2358 1066 2430 ὥστε
1089 2360 1150 2430 τὸν

132 2469 352 2552 συγκείμενον
375 2467 409 2546 ἐξ
432 2464 546 2535 αὐτῶν
568 2465 628 2534 τὸν
651 2474 716 2533 AB
739 2464 823 2553 πρὸς
846 2466 907 2554 μὲν
931 2466 992 2536 τὸν
1016 2473 1084 2536 ΒΓ
1099 2467 1151 2535 λό·

132 2598 194 2658 γον
218 2575 321 2657 ἔχειν,
351 2567 393 2638 ὃν
420 2572 627 2660 τετράγωνος
654 2571 801 2660 ἀριθμὸς
828 2572 913 2661 πρὸς
937 2573 1150 2662 τετράγωνον

132 2675 293 2765 ἀριθμόν,
316 2674 401 2765 πρὸς
419 2677 457 2746 δὲ
479 2676 540 2746 τὸν
564 2684 634 2745 ΑΓ
651 2677 754 2764 λόγον
777 2682 822 2766 μὴ
847 2684 949 2766 ἔχειν,
973 2676 1014 2747 ὃν
1038 2683 1151 2768 τετρά-

132 2810 240 2870 γωνος
268 2782 416 2872 ἀριθμὸς
442 2781 525 2870 πρὸς
549 2782 760 2871 τετράγωνον
784 2783 943 2873 ἀριθμόν.
987 2784 1150 2854 ἐκκείσθω

80 2916 114 2965 25
133 2893 174 2961 δέ
198 2919 248 2972 τις
275 2892 330 2960 καὶ
358 2889 459 2970 ἄλλος
485 2889 530 2978 μὴ
558 2889 766 2978 τετράγωνος
794 2888 941 2980 ἀριθμὸς
969 2887 987 2958 ὁ
1017 2899 1066 2977 Δ,
1094 2892 1150 2959 καὶ

131 2998 215 3087 πρὸς
237 2999 394 3088 ἑκάτερον
416 3000 484 3066 τῶν
508 3005 590 3086 BA,
614 3002 682 3065 ΑΓ
700 2997 804 3083 λόγον
827 2996 873 3084 μὴ
895 2999 1010 3084 ἐχέτω,
1035 2994 1077 3065 ὃν
1100 3025 1149 3067 τε·

205 3182 227 3231 1.
248 3182 297 3230 ΑΒ
315 3176 346 3230 P.
419 3170 559 3245 ἀριθμός]
585 3191 639 3230 om.
658 3175 684 3228 b.
758 3176 949 3246 2.ΗΖ]ΕΖ
967 3175 1155 3244 BFVb,m·;

132 3264 186 3302 rec.
205 3246 242 3316 P,
265 3247 334 3301 item
356 3245 512 3300 lin.4bis.
586 3248 638 3299 ΖΕ
679 3249 737 3299 ΖΗ
756 3244 875 3314 BFVh,
894 3263 931 3302 m.
950 3262 1005 3302 rec.
1024 3248 1059 3314 P,
1078 3250 1154 3304 item

131 3319 180 3372 lin.
200 3322 225 3385 4,
245 3322 287 3371 11.
360 3323 384 3370 3.
404 3317 506 3385 μείζων
526 3319 634 3369 -ΑΓ
667 3333 722 3385 mg.
742 3335 779 3373 m.
798 3323 812 3370 1
831 3316 854 3369 P
872 3320 989 3387 (μεῖζον,
1009 3319 1059 3372 sed
1078 3334 1172 3387 corr.¹

132 3408 168 3444 m.
193 3390 228 3456 1).
301 3386 366 3458 BA]
392 3391 547 3441 Aecorr.
570 3386 603 3440 V.
677 3388 746 3511 καίΕρ
768 3404 822 3444 om.
845 3387 875 3442 P.
949 3394 973 3443 5.
999 3388 1066 3459 EZ]
1094 3394 1152 3444 ΗΖ

132 3458 246 3528 Bm
264 3476 301 3513 m.
320 3474 374 3513 ree.
393 3456 423 3511 P.
470 3452 706 3528 ωὴοφωοε
747 3462 766 3529 ).
822 3442 1185 3530 ωιτηττιιννωὶ

133 3550 170 3588 m.
191 3547 245 3586 rec.
265 3531 295 3598 P,
314 3531 382 3586 item
401 3529 451 3583 lin.
466 3535 491 3598 9,
508 3535 539 3583 11
554 3528 606 3583 bis.
667 3534 691 3584 8.
710 3532 806 3584 καί-
824 3536 865 3585 10.
884 3527 1024 3602 ἀριθμόν]
1044 3549 1150 3600 mg.m.
1183 3548 1186 3555 ⁴
