2474 3908
143 170 208 236 326
529 170 731 224 Στοιιτυιαα
749 165 776 224 ι’.

210 313 306 398 Λέγω
332 311 385 399 δή,
410 310 460 380 ὅτι
480 311 534 380 καὶ
558 312 694 398 πέμπτη.

205 416 344 506 Ὁμοίως
368 421 432 504 γάρ
452 419 614 503 δείξομεν,
639 415 750 485 ὅτιτὸ
774 414 839 484 ὑπὸ
858 420 928 483 τῶν
948 419 1068 483 ΓΚΜ
1087 424 1167 484 ἴσον

143 525 210 593 ἐστὶ
234 529 279 616 τῷ
304 522 369 592 άπὸ
393 528 451 611 τῆς
469 530 558 609 ΝΜ,
582 524 731 591 τουτέστι
753 526 799 614 τῷ
822 521 966 612 τετάρτῳ
986 519 1081 607 μέρει
1100 527 1167 590 τοῦ

142 627 208 697 άπὸ
231 639 289 715 τῆς
313 635 394 696 ΖΜ.
439 629 495 695 καὶ
519 628 588 696 ἐπεὶ
615 624 828 716 άσύμμετρόν
852 630 921 696 ἐστι
947 627 985 696 τὸ
1012 627 1080 695 ἀπὸ
1104 633 1167 716 τῆς

106 740 218 809 εΑΗ
236 736 281 823 τῳ
305 729 370 801 άπὸ
393 736 452 819 τῆς
476 738 558 817 ΗΒ,
591 740 667 799 ἴσον
695 730 732 799 δὲ
758 731 797 800 τὸ
825 732 887 818 μὲν
915 729 980 800 άπὸ
1004 738 1065 819 τῆς
1089 743 1171 804 ΑΗ

141 843 187 930 τῷ
211 844 283 925 ΓΘ,
308 836 345 906 τὸ
371 837 408 906 δέ
430 836 495 906 άπὸ
520 841 578 924 τῆς
601 844 669 905 ΗΒ
691 840 737 928 τῷ
756 842 835 922 ΚΛ,
859 836 1076 927 άσύμμετρον
1094 839 1165 930 άρα

141 971 179 1011 το
197 951 260 1012 ΓΘ
281 948 327 1035 τῳ
352 951 429 1012 ΚΛ.
470 942 515 1023 ὡς
539 942 576 1011 δὲ
598 943 635 1012 τὸ
660 949 721 1010 ΓΘ
743 967 827 1029 προς
849 943 887 1012 τὸ
907 951 988 1030 ΚΛ,
1012 943 1164 1034 οὕτωςὴ

141 1057 209 1119 ΓΚ
235 1053 317 1139 πρὸς
344 1050 407 1138 τὴν
431 1058 518 1119 ΚΜ·
554 1047 763 1139 ἀσύμμετρος
786 1049 852 1139 άρα
874 1048 895 1138 ἡ
917 1057 986 1118 ΓΚ
1011 1055 1052 1140 τῇ
1082 1059 1170 1121 ΚΜ

142 1157 247 1245 μήκει.
284 1159 354 1227 ἐπεὶ
378 1150 441 1226 οὖν
461 1157 523 1226 δύο
543 1156 674 1225 εὐθεῖαι
693 1155 812 1225 ἄνισοί
826 1161 913 1226 εἰσιν
927 1159 965 1224 αἱ
975 1162 1060 1244 ΓΜ,
1076 1165 1164 1245 ΜΖ,

92 1290 125 1339 10
143 1265 199 1332 καὶ
221 1269 267 1356 τῷ
287 1264 430 1355 τετάρτῳ
450 1266 541 1351 μέρει
559 1266 620 1332 τοῦ
639 1261 704 1332 άπὸ
721 1266 779 1350 τῆς
797 1272 876 1333 ΖΜ
893 1273 968 1333 ἴσον
986 1261 1078 1352 παρὰ
1097 1263 1165 1352 τὴν

141 1377 221 1438 ΓΜ
242 1371 491 1456 παραβέβληται
519 1371 670 1437 ἐλλεῖπον
698 1371 780 1435 εἴδει
808 1367 1004 1460 τετραγώνῳ
1031 1371 1091 1438 καὶ
1114 1376 1165 1451 εἰς

142 1472 337 1562 άσύμμετρα
360 1471 467 1561 αὐτὴν
490 1477 623 1561 διαιρεῖ,
645 1472 667 1559 ἡ
691 1472 757 1562 άρα
776 1480 849 1542 ΓΜ
870 1478 929 1560 της
950 1481 1023 1542 ΜΖ
1047 1483 1163 1563 μεῖζον

143 1580 284 1648 δύναται
304 1584 349 1670 τῳ
370 1578 433 1647 ἀπὸ
453 1577 666 1666 ἀσυμμέτρου
685 1579 796 1669 ἑαυτῇ.
832 1587 892 1649 καί
907 1582 997 1650 ἐστιν
1015 1579 1037 1668 η
1057 1604 1163 1673 προσ-

143 1688 332 1774 αρμόζουσα
351 1684 372 1773 ἡ
388 1693 461 1752 ΖΜ
478 1685 664 1772 σύμμετρος
681 1689 721 1775 τῇ
740 1689 909 1776 διακειμένῳ
930 1690 1011 1777 ῥητῇ
1025 1693 1067 1778 τῇ
1082 1696 1162 1758 ΓΔ·

93 1790 165 1880 15η
189 1791 256 1881 ἄρα
279 1799 339 1861 ΓΖ
362 1790 512 1879 ἀποτομή
538 1794 606 1860 ἐστι
629 1793 771 1879 πέμπτη·
803 1791 883 1880 ὅπερ
908 1797 976 1862 ἔδει
999 1798 1116 1877 δεῖξαι.

621 2005 684 2092 οβ’·

214 2129 263 2199 Τὸ
300 2128 375 2198 άπὸ
413 2134 482 2215 της
517 2127 611 2217 μετὰ
649 2130 773 2215 μέσου
813 2129 936 2216 μέσον
976 2130 1018 2200 τὸ
1063 2129 1162 2202 ὅλον

142 2236 335 2323 ποιούσης
357 2234 460 2324 παρὰ
487 2238 609 2324 ῥητὴν
632 2236 989 2324 παραβαλλόμενον
1013 2238 1163 2321 πλάτος

142 2356 252 2411 ποιεῖ
273 2341 479 2430 άποτομὴν
503 2343 628 2429 ἕκτην.

91 2473 125 2522 20
202 2448 311 2518 Ἔστω
334 2448 356 2536 ἡ
377 2448 458 2537 μετά
477 2450 581 2536 μέσον
599 2451 701 2536 μέσον
720 2451 758 2518 τὸ
777 2447 858 2518 ὅλον
877 2454 1022 2519 ποιοῦσα
1041 2449 1062 2537 ἡ
1081 2460 1163 2536 AB,

144 2557 227 2641 ῥητὴ
250 2555 288 2622 δέ
310 2553 331 2640 ἡ
354 2562 432 2640 ΓΛ,
465 2556 520 2622 καὶ
547 2559 592 2645 τῷ
617 2553 681 2622 άπὸ
710 2560 768 2642 τῆς
791 2563 855 2623 ΑΒ
884 2564 960 2625 ἴσον
981 2555 1073 2645 παρὰ
1095 2557 1163 2645 τὴν

144 2666 206 2728 ΓΔ
232 2660 501 2749 παραβεβλήσθω
528 2659 565 2728 τὸ
589 2667 654 2728 ΓΕ
683 2661 808 2742 πλάτος
839 2673 962 2731 ποιοῦν
992 2662 1054 2750 τὴν
1082 2670 1162 2733 ΓΖ·

144 2769 240 2854 λέγω,
265 2766 316 2837 ὅτι
338 2766 359 2854 ἡ
385 2772 445 2835 ΓΖ
467 2766 619 2854 ἀποτομή
642 2770 733 2836 ἐστιν
756 2770 841 2855 ἕκτη.

203 2873 311 2943 Ἔστω
335 2873 400 2963 γάρ
422 2879 462 2964 τῇ
485 2881 550 2941 ΑΒ
573 2873 851 2962 προσαρμόζουσα
874 2872 895 2962 η
919 2881 1001 2943 ΒΗ·
1033 2878 1071 2943 αἱ
1092 2875 1163 2966 άρα

91 3005 126 3056 25
145 2990 230 3070 ΑΗ,
253 2990 321 3050 ΗΒ
349 2981 490 3069 δυνάμει
523 2980 608 3050 ελσὶν
641 2979 844 3069 άσάμμετροι
871 2986 1028 3050 ποιοῦσαι
1055 2987 1094 3050 τό
1125 3008 1164 3053 τε

145 3094 363 3174 συγκείμενον
386 3088 423 3155 ἐκ
444 3092 512 3155 τῶν
531 3083 587 3154 ἀπ’
604 3085 715 3155 αὐτῶν
733 3088 954 3174 τετραγώνων
975 3089 1079 3172 μέσον
1101 3091 1162 3158 καὶ

217 3305 240 3355 1.
260 3295 309 3370 δή]
330 3299 437 3355 nm.
493 3305 518 3354 2.
540 3303 604 3367 ΓΚ,
619 3303 686 3352 ΚΜ
699 3298 759 3353 FV.
814 3304 839 3355 4.
856 3294 926 3372 ἐστι]
944 3300 1072 3369 0m‚V‹p.
1131 3310 1158 3359 5.

145 3371 219 3442 AH]
240 3370 521 3439 (alt.)Aecorr.F.
582 3375 606 3425 6.
628 3368 940 3441 r&]61nras.m.1
961 3373 990 3427 Ρ.
1046 3377 1071 3426 8.
1092 3370 1146 3443 τήν

145 3461 199 3496 om,
219 3442 248 3498 P.
312 3439 722 3510 KM]PMPetBinras.
782 3436 840 3508 άρα
860 3435 933 3496 ἐστίν
952 3440 1014 3511 ch.
1076 3448 1147 3499 ΚΜ

145 3519 210 3570 ΓΜ
224 3513 294 3568 Pet
312 3511 342 3566 in
360 3528 414 3566 ras.
433 3511 463 3566 B.
532 3519 556 3567 9.
578 3510 631 3567 ελσι
649 3510 680 3580 Ρ,
699 3528 767 3567 corr.
787 3529 824 3567 m.
846 3519 868 3569 1.
940 3518 981 3570 10.
1002 3516 1077 3586 ΖΜ]
1097 3519 1161 3569 ΜΖ
