2474 3908
157 162 223 225 114
544 165 745 218 Σνοωιωιαω
765 161 792 219 ι’.

155 302 277 389 ἄλογος
300 303 365 392 ἄρα
384 304 474 372 ἐστὶν
494 301 514 391 ἡ
534 311 614 389 ΑΓ,
637 310 802 374 καλείσθω
822 305 860 374 δέ
883 308 923 374 ἐκ
948 306 1020 375 δύο
1043 311 1178 395 μέσων

156 411 330 496 δευτέρα.
377 408 457 498 ὅπερ
481 415 690 493 έθειῦεϊξαι.

615 647 619 652 ’
636 640 701 710 λθ’.

219 763 307 833 Ἐὰν
339 763 409 833 ὃῦο
434 761 594 833 εὐθεῖαι
618 765 786 852 δυνάμει
810 762 1057 853 ἀσύμμετροι
1081 787 1176 835 συν-

119 874 303 938 δτεθῦσι
335 874 523 938 ποιοῦσαι
556 868 598 938 τὸ
629 870 700 958 μέν
732 877 993 958 συγκείμενον
1024 875 1065 941 έκ
1097 877 1177 943 τῦν

155 974 218 1050 ἄπ’
243 976 373 1046 αὐτῶν
396 976 657 1064 τετραγώνων
680 976 816 1065 ῥητόν,
839 980 881 1046 τὸ
902 975 933 1044 δ’
954 975 1016 1045 ὑπ’
1042 976 1178 1048 αὐτῶν

154 1087 290 1171 μέσον,
319 1080 339 1170 ἡ
364 1080 434 1169 ὅλη
458 1081 598 1151 εὐθεῖα
622 1081 767 1170 ἄλογός
790 1084 914 1170 ἐστιν,
941 1090 1111 1153 καλείσθω
1137 1086 1176 1155 δέ

63 1192 110 1282 κ
133 1196 304 1315 ,αξιοι

220 1302 487 1382 Συγκείσθωσαν
515 1294 578 1383 γὰρ
608 1295 671 1365 ὃῦο
700 1295 831 1364 εὐθεῖαι
859 1296 1002 1384 δυνάμει
1024 1296 1176 1386 ἀσύμμε-

101 1417 134 1466 10
151 1428 225 1491 τροι
249 1405 286 1469 αί
307 1409 388 1488 ΑΒ,
412 1408 479 1470 ΒΓ
500 1406 659 1470 ποιοῦσαι
681 1401 722 1469 τὰ
745 1410 958 1491 προκείμενα·
989 1406 1090 1491 λέγω,
1121 1405 1175 1474 ὅτι

153 1508 275 1594 ἄλογός
298 1511 388 1576 ἐστιν
412 1505 432 1595 ἡ
452 1514 524 1576 ΑΓ.

216 1613 305 1682 Ἐπεὶ
328 1617 393 1700 γὰρ
416 1617 453 1681 τὸ
482 1611 547 1682 ὑπὸ
570 1618 639 1682 τῶν
662 1618 744 1700 AB,
768 1622 834 1684 ΒΓ
852 1618 956 1703 μέσον
981 1620 1086 1705 ἐστίν,
1115 1621 1174 1687 καί

152 1721 189 1790 τὸ
219 1720 271 1801 δὶς
299 1718 391 1807 [ίίρα]
415 1717 481 1788 ὑπὸ
504 1724 572 1788 τῶν
599 1729 685 1808 ΑΒ,
709 1727 777 1790 ΒΓ
795 1724 898 1809 μέσον
924 1726 1024 1792 έστίν.
1069 1728 1108 1793 τὸ
1134 1726 1174 1795 δέ

153 1832 373 1914 συγκείμενον
396 1825 433 1894 έκ
456 1831 524 1896 τῶν
547 1825 613 1895 ἀπὸ
636 1838 705 1896 τῶν
728 1836 808 1915 ΑΒ,
832 1835 899 1897 ΒΓ
917 1830 1033 1917 ῥητόν·
1063 1827 1171 1919 αἰσῦμ-

45 1952 48 1958 ’
95 1947 133 1998 ’1ο
152 1959 274 2022 μετρον
305 1930 370 2020 ἄρα
400 1933 469 2002 ἐστὶ
492 1937 529 2001 τὸ
553 1934 606 2013 δίς
633 1932 699 2002 υπὸ
726 1939 794 2004 τῦν
822 1944 903 2021 ΑΒ,
926 1942 995 2004 ΒΓ
1016 1940 1061 2027 τῷ
1090 1958 1173 2024 συγ-

150 2042 290 2130 κειμένῳ
320 2041 355 2107 έκ
379 2044 447 2108 τῶν
470 2038 535 2108 ιἰπὸ
556 2045 624 2108 τῶν
648 2047 729 2127 ΑΒ,
752 2047 827 2110 ΒΓ·
851 2040 935 2112 ὥστε
959 2044 1077 2111 καὶτὰ
1102 2042 1171 2113 ἀπὸ

150 2149 219 2215 τῶν
241 2153 322 2233 ΑΒ,
347 2153 414 2216 ΒΓ
431 2149 511 2234 μετὰ
536 2151 596 2215 τοῦ
621 2148 672 2227 δὶς
694 2144 760 2216 ὑπὸ
784 2151 852 2217 τῦν
876 2157 957 2235 AB,
981 2155 1057 2236 ΒΓ,
1086 2150 1171 2240 ὅπερ

151 2252 219 2319 ἐστὶ
241 2251 280 2319 τὸ
304 2250 370 2322 ’ἀπὸ
393 2257 452 2340 τῆς
469 2260 549 2338 ΑΓ,
572 2253 786 2340 ἀσύμμετρόν
808 2256 877 2323 ἐστι
895 2260 940 2348 τῷ
959 2259 1169 2348 συγκειμένῳ

151 2361 185 2426 ἐκ
214 2363 283 2428 των
305 2357 370 2427 ἀπὸ
394 2363 462 2426 τῶν
485 2367 562 2445 AB,
586 2366 653 2428 ΒΓ
678 2358 799 2446 [ῥητὸν
823 2360 860 2429 δέ
882 2360 920 2429 τὸ
944 2368 1168 2449 συγκείμενον

96 2481 132 2531 20
151 2467 187 2532 ἐκ
209 2469 277 2533 τῶν
300 2463 366 2532 ἀπὸ
389 2467 456 2530 τῶν
480 2472 560 2550 ΑΒ,
585 2470 675 2549 Bm·
706 2463 831 2552 ῦλογον
855 2467 920 2556 ίίρα
944 2469 1012 2536 έστλ
1035 2473 1074 2537 τὸ
1099 2468 1168 2540 ἀπὸ

150 2573 209 2656 τῆς
230 2575 303 2638 ΑΓ.
337 2566 496 2637 ὥστεκαὶ
520 2566 540 2655 ἡ
564 2576 634 2638 ΑΓ
651 2571 776 2658 ίίλογός
799 2575 905 2659 ἐστιν,
934 2580 1103 2644 καλείσθω
1129 2577 1167 2646 δὲ

150 2681 301 2762 μείζων.
343 2673 423 2762 ὅπερ
447 2678 514 2742 ἔδει
539 2677 651 2757 δεῖξαι.

638 2890 671 2978 μΙ

213 3012 300 3084 Ἐὰν
329 3014 403 3082 δύο
427 3013 584 3084 εὐθεῖαι
608 3015 778 3104 δυνάμει
801 3015 1047 3106 ἀσύμμετροι
1071 3038 1167 3087 συν-

95 3145 128 3193 25
149 3124 295 3188 τεθῦσι
330 3125 520 3189 ποιοῦσαι
551 3147 593 3190 το
625 3121 694 3208 μέν
726 3129 987 3210 συγκείμενον
1018 3126 1058 3192 ἐκ
1087 3128 1167 3192 τῶν

149 3222 211 3291 ἀπ’
239 3225 367 3295 αὐτῶν
389 3228 651 3314 τετραγώνων
670 3230 808 3316 μέσον,
831 3211 872 3298 τῦ
898 3227 929 3297 θ’
951 3227 1011 3297 ὑπ’
1032 3227 1165 3298 αὐτῶν

219 3443 244 3494 2.
263 3436 399 3513 δευτέρα]
415 3456 472 3508 seq.
492 3439 589 3509 schol„
607 3458 635 3495 u.
654 3458 718 3511 app.
776 3434 846 3510 ὅπερ
867 3441 926 3498 ἔδει
945 3444 1050 3516 δεῖξαι]
1070 3461 1163 3512 comp.

148 3511 178 3580 P,
198 3525 251 3566 om.
271 3510 383 3565 BFVb.
449 3518 473 3567 3.
492 3508 552 3584 λθ’]
571 3528 624 3568 om.
645 3512 673 3582 b,
691 3508 719 3582 μ’
737 3509 767 3568 F.
835 3520 860 3568 4.
880 3515 1057 3571 συντεθῶσιν
1075 3513 1162 3572 PBF.

68 3610 175 3678 fl
