2474 3908
149 169 215 233 240
537 169 738 221 εεοιεειιεα
757 165 783 222 ι’.

149 304 249 379 οὖσα
280 314 323 399 τῇ
357 308 445 398 ὅλη,
483 310 579 395 μετά
613 310 655 378 δὲ
688 314 756 396 τῆς
784 307 880 396 ὅλης
906 308 1029 397 ῥητὸν
1059 332 1171 394 περι-

149 419 304 505 έχουσα.

206 522 315 591 Ἔστω
338 523 403 612 γὰρ
433 525 535 611 μέσης
562 521 714 610 άποτομη
742 522 855 611 πράτη
883 520 904 608 ἡ
932 529 1013 606 AB,
1043 521 1101 588 καὶ
1130 524 1171 610 τῇ

148 636 214 696 AB
237 632 493 718 προσαρμοζέτω
517 629 538 717 ἡ
557 636 631 698 ΒΓ·
669 632 707 696 αι’
724 635 799 714 ΑΓ,
819 635 880 697 ΓΒ
899 626 965 717 άρα
984 630 1083 714 μέσαι
1104 628 1170 696 εἰσὶ

112 734 291 822 σὸυνάμει
319 735 426 823 μόνον
455 735 638 823 σύμμετροι
667 733 771 822 ῥητὸν
799 736 1010 822 περιέχουσαι
1038 734 1076 802 τὸ
1101 732 1169 803 ὑπὸ

147 845 215 909 τῷν
235 848 310 928 ΑΓ,
330 848 403 910 ΓΒ·
433 845 530 929 λέγω,
555 840 664 930 ὅτιτῇ
685 849 750 909 AB
770 843 865 930 ἑτέρα
884 839 926 909 οὑ
944 839 1170 928 προσαρμόζει

148 950 230 1034 μέση
256 948 397 1035 δυνάμει
421 948 529 1036 μόνον
553 947 740 1036 σύμμετρος
762 939 848 1016 οὖσα
871 959 910 1037 τῇ
932 947 1004 1036 ὅλη,
1028 946 1112 1033 μετά
1132 948 1170 1016 δὲ

147 1066 206 1140 τῆς
229 1055 308 1142 ὅλης
331 1054 433 1142 ῥητὸν
457 1057 665 1143 περιέχουσα.

215 1167 260 1229 El
280 1160 345 1249 γάρ
366 1162 525 1247 δυνατόν,
548 1163 802 1249 προσαρμοζέτω
824 1163 880 1229 καὶ
899 1159 920 1248 ἡ
941 1169 1020 1229 ΔΒ·
1047 1164 1086 1228 αἱ
1102 1160 1170 1250 άρα

97 1289 130 1338 10
148 1277 234 1353 ΑΔ,
259 1276 325 1335 AB
354 1270 451 1355 μέσαι
475 1270 539 1336 εἰσὶ
562 1271 703 1355 δυνάμει
726 1267 834 1355 μόνον
858 1267 1040 1355 σύμμετροι
1063 1268 1170 1355 ῥητὸν

148 1376 361 1462 περιέχουσαι
384 1373 422 1442 τὸ
445 1373 511 1443 ὑπὸ
530 1379 598 1443 τῷν
617 1384 649 1442 Α
657 1384 700 1462 Δ,
721 1382 797 1442 ΑΒ.
834 1375 889 1442 καὶ
914 1377 993 1460 ἐπεί,
1018 1364 1045 1466 ῷ
1066 1371 1168 1460 ὑπερ-

148 1483 214 1566 έχει
236 1477 276 1545 τά
295 1477 359 1547 άπὸ
384 1484 452 1547 τῷν
471 1489 550 1566 ΑΛ,
569 1488 636 1547 ΔΒ
660 1484 721 1548 τοῦ
745 1480 797 1560 δὶς
820 1478 884 1548 ὑπὸ
904 1484 972 1548 τῷν
991 1486 1072 1565 ΑΛ,
1087 1488 1167 1566 ΑΒ,

148 1584 255 1675 τούτῷ
278 1581 430 1672 ὑπερέχει
454 1587 509 1653 καὶ
532 1589 572 1653 τά
597 1583 662 1654 άπὸ
683 1590 753 1654 τῷν
772 1593 847 1673 ΑΓ,
865 1593 926 1655 ΓΒ
948 1597 1011 1655 τοῦ
1030 1587 1083 1666 ὃὶς
1100 1584 1169 1655 ὑπὸ

147 1695 216 1759 τῷν
240 1696 320 1777 ΑΓ,
346 1697 419 1758 ΓΒ·
457 1696 502 1783 τῷ
530 1690 595 1779 γάρ
626 1691 715 1784 αὐτῷ
742 1692 870 1777 [πάλιν]
899 1690 1098 1781 ὑπερέχουσι
1124 1698 1169 1786 τῷ

97 1818 129 1866 15
149 1795 214 1866 άπὸ
237 1802 296 1884 τῆς
319 1806 398 1865 AB·
437 1798 578 1880 ἐναλλὰξ
607 1797 687 1888 άρα,
717 1791 744 1892 ῷ
771 1796 923 1888 ὑπερέχει
946 1798 986 1866 τά
1010 1797 1076 1867 άπὸ
1100 1805 1171 1868 τῷν

149 1912 230 1987 ΑΔ,
251 1912 318 1972 ΔΒ
340 1909 409 1973 τῷν
432 1905 497 1974 άπὸ
516 1910 585 1974 τῷν
608 1913 684 1992 ΑΓ,
703 1912 782 1991 ΓΒ,
806 1906 913 1996 τούτῳ
936 1906 1089 1995 ὑπερέχει
1112 1907 1170 1974 καὶ

148 2009 186 2078 τὸ
210 2013 262 2090 δὶς
285 2009 350 2080 ὑπὸ
374 2016 442 2080 τῶν
466 2022 498 2080 Α
505 2021 548 2097 Δ,
574 2020 640 2080 ΔΒ
662 2016 723 2080 τοῦ
748 2013 800 2092 δὶς
822 2011 888 2080 ὑπὸ
907 2016 975 2080 τῷν
999 2017 1071 2098 ΑΓ,
1094 2018 1169 2079 ΓΒ.

148 2116 186 2185 τὸ
211 2118 248 2185 δὲ
272 2119 324 2198 δὶς
346 2117 412 2187 ὑπὸ
441 2123 509 2187 τῷν
532 2126 618 2204 ΑΔ,
643 2128 709 2186 ΔΒ
737 2123 797 2187 τοῦ
826 2120 878 2198 δὶς
904 2116 971 2187 ὑπὸ
999 2122 1067 2186 τῷν
1091 2124 1170 2205 ΑΓ,

149 2230 210 2291 ΓΒ
232 2222 385 2313 ὑπερέχει
408 2229 510 2317 ῥητῷ·
544 2224 626 2311 ῥητά
649 2224 714 2313 γάρ
738 2224 918 2313 ἀμφότερα.
942 2226 1012 2315 ,καὶ
1035 2224 1076 2293 τὰ
1102 2224 1170 2295 άπὸ

95 2350 129 2400 20
148 2334 216 2398 τῷν
230 2342 262 2398 A
268 2341 311 2418 A,
327 2339 394 2398 ΔΒ
412 2329 479 2418 άρα
497 2334 564 2399 τῷν
583 2329 649 2399 άπὸ
668 2336 735 2400 τῷν
750 2343 782 2399 A
787 2339 823 2419 Γ,
837 2337 869 2400 Γ
871 2339 899 2399 Β
920 2331 1170 2420 [τετραγώνων]

148 2433 299 2522 ὑπερέχει
324 2438 426 2527 ῥητῷ·
451 2434 531 2518 ὅπερ
557 2437 647 2504 ἐστὶν
671 2435 856 2506 άόύνατον·
880 2439 964 2524 μέσα
986 2436 1050 2523 γάρ
1074 2439 1171 2507 ἐστιν

149 2537 333 2627 άμφότερα,
357 2542 460 2624 μέσον
484 2541 521 2609 δὲ
544 2544 649 2628 μέσον
673 2542 735 2630 οὐχ
759 2540 909 2632 ὑπερέχει
933 2547 1032 2635 ῥητῷ.

219 2649 266 2731 Τῇ
299 2642 364 2730 άρα
392 2645 494 2732 μέσης
521 2646 672 2736 ἀποτομῇ
701 2650 815 2740 πρώτη
843 2657 902 2738 μία
929 2652 1037 2738 μόνον
1065 2671 1171 2739 προσ-

149 2751 283 2838 αρμόζει
312 2748 428 2819 εὐθεῖα
456 2750 540 2839 μέση
569 2752 712 2840 όυνάμει
739 2755 847 2843 μόνον
871 2755 1058 2845 σύμμετρος
1080 2750 1171 2826 οὖσα

95 2881 129 2930 25
148 2886 186 2948 τη
208 2858 279 2948 ὅλη,
302 2857 382 2946 μετὰ
403 2859 439 2928 δέ
457 2864 516 2947 τῆς
539 2857 618 2946 ὅλης
638 2863 741 2948 ῥητὸν
760 2862 972 2950 περιέχουσα·
997 2861 1078 2951 ὅπερ
1099 2869 1169 2934 έόει

148 2968 260 3048 δεῖξαι.
851 2986 852 2989 ’
977 2981 983 2989 ’

148 3104 307 3112 -——-.--
315 3107 330 3111 .-

221 3170 244 3217 3.
265 3161 334 3232 μέση
350 3162 436 3228 BVb,
451 3179 505 3218 om.
520 3163 549 3217 F.
606 3170 630 3217 4.
650 3160 840 3232 προσαρμόζει
853 3163 883 3233 F,
898 3181 968 3220 corr.
981 3181 1018 3219 m.
1034 3171 1059 3219 2.
1117 3162 1150 3219 αλ
1156 3165 1167 3236 ]

150 3249 217 3287 corr.
238 3250 272 3286 ex
292 3232 320 3286 εἰ
336 3234 458 3286 m.lF.
531 3229 588 3302 άρα
608 3239 668 3302 ΑΓ,
689 3240 738 3288 ΓΒ
758 3234 871 3290 BFVb.
946 3233 1016 3290 εἰσίν
1035 3235 1067 3291 Β.
1142 3243 1169 3291 5.

150 3301 304 3372 σύμμετρος
323 3303 356 3368 V,
377 3319 445 3357 corr.
460 3321 497 3356 m.
517 3309 540 3357 1.
596 3310 620 3360 6.
640 3303 829 3377 προσαρμόσει
848 3305 881 3360 V.
937 3311 962 3361 8.
982 3306 1168 3377 περιέχουσαι

149 3373 183 3439 V,
203 3389 271 3428 corr.
290 3391 327 3427 m.
349 3379 372 3427 1.
434 3379 475 3429 10.
495 3375 559 3444 ΑΔ]
579 3375 696 3430 mss.
757 3376 828 3432 εἰσιν
847 3376 906 3431 LB.
967 3383 1009 3431 12.
1028 3375 1076 3448 τά]
1097 3395 1168 3436 cort.

150 3462 182 3498 ex
203 3441 233 3498 τό
252 3443 375 3498 ΜΕ.
439 3445 503 3514 τοῦ]
523 3447 573 3499 τῶι
593 3447 622 3501 F.
683 3452 742 3516 ΑΓ,
764 3453 814 3503 ΓΒ
833 3449 863 3502 F.
925 3454 966 3503 13.
986 3445 1120 3538 ὑπερεῖχε
1140 3451 1168 3520 b,

150 3532 217 3570 corr.
238 3534 273 3570 m.
295 3521 317 3570 1.
380 3520 422 3571 14.
441 3516 491 3587 τῷ]
512 3532 580 3571 corr.
603 3535 637 3572 ex
656 3515 686 3572 τό
706 3518 739 3574 V.
799 3516 898 3591 πάλιν]
918 3537 972 3583 om.
991 3519 1021 3579 P.
1077 3540 1167 3592 οπερ-
