2474 3908
169 145 234 212 382
583 149 772 200 APPENDIX.

169 286 368 375 σύμμετρος,
401 287 523 375 άλογος
555 288 591 356 δὲ
619 286 639 375 ή
670 296 705 356 E.
757 285 900 374 ἀλόγους
935 285 1001 376 γάρ
1032 287 1191 359 καθόλου

168 403 263 463 καλεῖ
279 393 335 475 τὰς
353 397 408 463 καὶ
428 394 523 481 μήκει
541 395 597 463 καὶ
618 393 759 481 δυνάμει
778 393 1007 483 ἀσυμμέτρους
1033 399 1074 484 τῇ
1096 398 1189 485 ῥητή.

661 576 690 640 5.

549 681 658 767 Uulgo
683 681 723 762 X,
749 683 798 746 13.

235 807 295 882 Εἰς
317 803 354 872 ιδ
379 802 425 889 ιγ’
449 811 561 890 λήμμα
585 805 620 871 ἐκ
643 807 700 889 τῆς
723 808 770 883 εἰς
793 801 920 870 άνοιιον
944 801 1141 890 ἀπαγωγῆς.

231 906 310 976 Ἐὰν
337 901 357 997 ᾖ
387 910 449 978 δύο
478 911 619 997 μεγέθη,
653 907 768 977 καὶτὸ
792 909 853 996 μὲν
877 909 1069 998 σύμμετρον
1094 902 1118 999 ᾗ
1142 915 1187 1003 τῷ

132 1011 272 1105 καύιῷ,
296 1015 334 1084 τὸ
358 1016 395 1084 δὲ
419 1017 532 1103 ἕτερον
556 1014 784 1103 ἀσύμμετρον,
807 1014 1002 1103 ἀσύμμετρα
1028 1021 1124 1084 ἔσται
1148 1015 1188 1084 τά

166 1124 301 1209 μεγέθη.

223 1226 332 1296 Ἔστω
360 1227 423 1317 γὰρ
455 1228 518 1297 δυό
542 1229 667 1316 μεγέθη
695 1227 735 1297 τά
764 1239 811 1315 Α,
834 1236 878 1314 Β,
906 1227 988 1296 ἄλλο
1019 1228 1057 1296 δὲ
1085 1228 1128 1297 τὸ
1154 1235 1189 1314 Γ,

166 1335 281 1403 καὶτὸ
305 1335 366 1423 μὲν
389 1346 422 1403 Α
445 1339 489 1427 τῷ
513 1342 545 1404 Γ
564 1335 755 1423 σύμμετρον
778 1340 877 1422 ἔστω,
907 1334 944 1403 τὸ
970 1334 1007 1402 δὲ
1031 1343 1060 1402 Β
1084 1341 1134 1428 τῷ
1161 1343 1189 1404 Γ

166 1439 387 1531 ἀσύμμετρον.
433 1444 533 1529 λέγω,
563 1440 614 1510 ὅτι
637 1443 691 1510 καὶ
720 1441 757 1511 τὸ
782 1451 814 1510 A
841 1447 885 1536 τῷ
910 1450 937 1510 Β
966 1440 1185 1532 ἀσύμμετρόν

115 1573 147 1622 10
167 1550 265 1616 ἐστιν.

233 1658 276 1720 Εἰ
298 1652 363 1740 γάρ
388 1656 455 1721 ἐστι
479 1653 668 1742 σύμμετρον
697 1656 734 1722 τὸ
760 1664 792 1723 A
818 1660 865 1747 τῷ
889 1662 933 1740 Β,
962 1661 1031 1723 ἔστι
1062 1655 1102 1724 δὲ
1130 1657 1187 1724 καὶ

165 1759 202 1827 τὸ
231 1764 263 1827 Γ
290 1764 335 1852 τῷ
359 1769 406 1846 A,
439 1762 495 1828 καὶ
522 1760 559 1830 τὸ
584 1766 616 1829 Γ
643 1759 708 1848 ἄρα
736 1766 781 1854 τῷ
805 1768 833 1829 Β
859 1761 1050 1849 σύμμετρόν
1075 1764 1184 1831 ἐστιν·

166 1863 246 1955 ὅπερ
271 1851 334 1955 οὐγ
358 1865 559 1937 ὑπόκειται·

478 2119 530 2183 Ad
553 2119 625 2183 libr.
648 2014 690 2182 ἓ
701 2141 792 2203 prop.
820 2121 868 2184 18.

225 2239 342 2326 Ῥητάς
361 2241 425 2328 γὰρ
444 2247 540 2308 καλεῖ
555 2239 614 2320 τὰς
636 2243 676 2328 νή
696 2242 864 2330 έκκειμένη
884 2243 967 2330 ῥητή
988 2239 1063 2327 ήτοι
1083 2242 1185 2330 μήκει

114 2370 144 2418 15
164 2346 219 2413 καὶ
248 2346 391 2433 δυνάμει
419 2348 626 2434 συμμέτρους
655 2343 759 2432 ήκαὶ
788 2348 928 2435 δυνάμει
953 2345 1069 2434 μόνον.
1120 2351 1187 2419 εἰσὶ

165 2454 202 2520 δὲ
224 2454 279 2520 καὶ
298 2453 396 2522 άλλιιι
415 2453 559 2539 εὐθεῖαι,
583 2460 621 2521 ιιῖ
636 2454 731 2541 μήκει
751 2454 812 2541 μὲν
832 2453 1041 2544 ἀσύμμετροί
1056 2458 1124 2522 εἰσι
1139 2460 1186 2544 τῇ

165 2561 335 2647 ἐκκειμένῃ
359 2562 453 2648 ῥητῇ,
478 2561 617 2647 δυνάμει
639 2561 676 2629 δὲ
700 2561 808 2648 μόνον
827 2561 1021 2648 σύμμετροι,
1043 2562 1102 2628 καὶ
1124 2566 1183 2631 διὰ

163 2669 262 2733 τοῦτο
290 2665 391 2734 πάλιν
419 2668 573 2752 λέγονται
602 2667 698 2755 ῥηταὶ
725 2668 781 2735 καὶ
810 2666 991 2755 σύμμετροι
1014 2668 1104 2754 γιρὸς
1128 2668 1186 2737 άλ-

163 2771 280 2857 λήλας,
308 2770 388 2840 καθ’
415 2769 433 2841 δ
462 2775 573 2858 ῥηταί,
607 2770 691 2841 ἀλλὰ
719 2772 901 2861 σύμμετροι
929 2775 1011 2859 πρὸς
1034 2773 1186 2861 άλλήλας

235 2940 259 2989 5.
283 2933 352 2990 Post
374 2935 467 3001 δεῖξαι
483 2953 517 3058 1η.
538 2939 585 3002 38,
605 2941 621 2988 6
641 2932 759 3003 BFVb,
782 2951 839 3004 mg.
858 2952 894 2990 m.
916 2941 931 2988 2
950 2934 980 2989 Ρ.
1064 2941 1088 2988 6.
1115 2938 1186 2993 Post

164 3004 318 3075 σύμμετρος
336 3024 365 3075 p.
385 3012 428 3076 68,
448 3012 463 3060 3
510 3006 624 3061 BFVb.

236 3154 259 3203 1.
275 3143 442 3219 σύμμετρος]
458 3164 511 3203 om.
524 3146 558 3218 V,
573 3165 608 3201 m.
619 3163 674 3202 rec.
686 3146 717 3200 P.
769 3143 802 3201 δέ
830 3143 928 3217 γάρΡ.
984 3145 1182 3221 κΡοελᾷηιῇ

163 3235 232 3272 eras.
248 3213 337 3280 οὕτως
355 3217 384 3273 P.
458 3224 483 3274 3.
503 3216 543 3280 εἰς
557 3215 589 3272 ιδ
605 3214 667 3308 ty]
678 3217 832 3272 om.FV.
906 3212 1181 3293 εἰς-άπαγωγῆς]

162 3305 217 3357 mg.
238 3287 267 3355 F,
288 3286 328 3357 ιγ’
347 3289 377 3343 in
395 3307 450 3344 ras.
470 3289 501 3356 B,
520 3307 576 3359 mg.
598 3284 629 3343 έν
648 3293 721 3362 αλλιμ
740 3289 847 3359 λήμμα;
866 3289 896 3342 in
915 3289 936 3342 1⁴¹
955 3305 1086 3343 numerus
1109 3307 1181 3346 eras.

197 3365 222 3413 4.
242 3357 295 3414 δύο
315 3357 423 3429 μεγέθη
442 3351 459 3430 ᾖ
479 3360 508 3414 F.
547 3363 548 3367 ’
587 3360 625 3429 τῷ
645 3355 721 3433 αὐτῷ
754 3361 854 3429 postea
873 3358 936 3415 add.
956 3360 977 3414 F
995 3378 1032 3414 m.
1054 3367 1077 3415 1.
1156 3369 1182 3418 5.

162 3427 189 3486 δ’
210 3429 298 3484 BFb.
372 3437 396 3486 8.
419 3432 457 3500 F]
478 3429 576 3500 (prius)
596 3426 693 3501 γάμμα
735 3473 742 3487 .
816 3435 857 3485 11.
877 3427 1055 3500 ἀσύμμετρον
1074 3431 1111 3498 F,
1132 3434 1182 3488 sed

163 3499 194 3555 ἆ·
214 3520 283 3558 eras.
363 3507 405 3557 12.
431 3502 470 3572 Γ]
491 3503 590 3571 (prius)
610 3518 680 3557 corr.
700 3519 733 3556 ex
752 3507 773 3554 A
793 3501 825 3557 V.
900 3502 937 3573 A]
958 3519 1026 3559 corr.
1046 3520 1080 3555 ex
1102 3508 1130 3556 Γ
1147 3504 1181 3558 V.
